3000 4875
290 295 376 373 loed
591 309 813 367 osrruoous
837 309 1078 364 searrroaurr

297 501 302 510 ·
330 469 492 554 Pompeius
507 473 635 556 lhogru.
669 471 764 552 Cujus
777 470 924 551 epitomen
937 466 1077 530 Justinus
1086 467 1168 530 iecit.
1206 467 1368 532 Eumeitari

287 577 360 651 puto
374 570 404 631 in
420 571 551 634 Historia
565 569 705 632 Miscella
719 585 786 632 xn.
804 567 853 630 19.

330 667 480 730 Polum
501 669 707 748 Mitylenaeus.
747 665 807 727 Hie
832 663 923 726 etiam
948 663 1368 726 iuhunccerrsumrcferturr

287 761 738 840 Volaterranoetnliis‚auetore
750 758 992 842 Snidaquienm
1000 760 1370 844 tempore‘l‘iberiiri'xisse,

288 869 319 920 et
329 862 367 922 ab
380 881 417 923 eo
430 883 543 926 summe
555 864 730 925 honoratum
744 859 837 922 luisse
850 859 966 920 asserit.

330 959 538 1042 Praxagoras.
578 956 901 1022 PhotiusCod.nx11.

328 1057 521 1121 Ptolerrraerrs.
562 1059 621 1130 Qui
634 1066 702 1138 post
716 1052 922 1115 Alexandrum
935 1053 967 1112 in
981 1052 1273 1136 Aigyptoregnarit.
1304 1053 1368 1115 mm

288 1171 321 1212 sa
341 1154 487 1234 praecipue
498 1165 668 1217 secuturum
681 1171 749 1214 esse
763 1148 1079 1232 profiteturArriunns.
1100 1153 1184 1213 citat
1190 1169 1261 1213 eum
1269 1149 1369 1212 ettlur·

196 1255 200 1264 '
287 1247 346 1308 tius
360 1259 462 1312 noster
477 1269 529 1314 rx.
547 1255 578 1312 5.
597 1251 648 1312 ul.
672 1260 703 1311 et
716 1247 869 1310 Plutarch.
888 1246 921 1306 in
936 1246 1022 1308 Alex.
1045 1267 1114 1329 cap.
1136 1251 1188 1310 tt.
1209 1249 1291 1328 quod
1310 1247 1369 1306 ideo

285 1345 393 1420 refero,
404 1347 486 1428 quod
499 1349 530 1410 in
543 1349 601 1412 hoe
615 1349 732 1410 nomina
746 1363 861 1408 enasse
872 1343 959 1405 rideo
970 1344 1177 1406 Gesnerum‘in
1188 1343 1368 1414 Binhotheea

287 1443 339 1523 qui
351 1443 432 1508 hunc
442 1443 650 1522 Ptolemaeum,
669 1453 700 1508 et
719 1450 893 1524 sequentem
906 1441 938 1500 in
951 1440 1115 1504 Plutarcho
1129 1435 1310 1504 'Anticlidem
1321 1455 1367 1520 pru

286 1557 348 1601 uno
370 1539 534 1624 codemque
555 1527 656 1606 haber.
699 1539 816 1604 Laudat
832 1549 864 1600 et
877 1539 1043 1602 Aramaua
1064 1541 1129 1620 ejus
1143 1538 1368 1604 Commentarius

285 1637 459 1718 saepissime.

326 1734 509 1798 humatae

329 1831 500 1894 Sabellicus.

328 1927 473 1991 sem.
516 1928 606 1990 Hunc
626 1929 725 2002 etiam,
746 1931 797 2010 qui
814 1949 882 1992 cum
896 1930 1068 1991 Alexandro
1087 1929 1232 2000 militarit,
1243 1923 1369 1988 nonmhil

285 2022 324 2086 de
338 2025 425 2088 rebus
440 2027 502 2107 eJus
514 2023 653 2100 edidisse,
669 2027 699 2085 ni
712 2028 853 2087 memoria
867 2045 914 2089 me
924 2023 1014 2101 fallit,
1024 2027 1105 2109 apud
1120 2025 1284 2090 Diodorum
1290 2024 1368 2087 ster·

283 2121 345 2184 lum
359 2123 429 2203 legi.

326 2220 481 2299 Sigonius.
524 2218 559 2278 ln
573 2216 673 2280 libello
687 2216 725 2279 de
739 2220 920 2301 temporibus
933 2219 1169 2283 Atheniensium.
1290 2209 1293 2212 ⁴
1464 2299 1465 2314 χ

327 2313 458 2376 Solinus.
1464 2318 1465 2377 l

327 2411 453 2494 Sopater
467 2411 587 2493 scripsit
600 2410 729 2495 Eclogar
743 2413 834 2476 varia
852 2414 997 2479 doctrine
1010 2416 1102 2479 libros
1116 2413 1287 2489 duodecim,
1302 2431 1369 2495 quo·
1464 2420 1465 2438 ¹

285 2528 350 2575 rum
365 2510 482 2574 decimo
495 2508 658 2573 Alexandri
680 2520 768 2593 gesta
788 2514 964 2589 referuntur,
986 2524 1020 2575 ut
1041 2513 1140 2595 prodit
1157 2513 1283 2576 Photius
1298 2512 1368 2573 Cod.

285 2628 379 2673 cxsr.

327 2708 500 2769 Soter-iolas
522 2707 635 2769 Auitus.
676 2706 770 2767 Poiita
797 2706 953 2782 Hernicus,
981 2708 1101 2791 scripsit
1119 2707 1370 2777 Alexandrinorum,

284 2804 316 2863 h.
340 2822 368 2866 e.
391 2802 552 2863 Historiam
576 2801 740 2864 Alexandri
757 2800 873 2885 Magni,
896 2822 966 2869 oum
978 2802 1108 2880 Thebas,
1121 2816 1153 2867 et
1166 2804 1228 2867 alia
1240 2806 1371 2888 cepisset.

282 2898 403 2963 Suidas.

326 2998 441 3061 Solios.
484 2996 662 3063 Plutarchus
677 2998 848 3062 Alexandro
861 3018 890 3060 c.
907 3001 976 3060 tor.

325 3097 444 3159 Slruda
486 3096 543 3157 Hic
564 3106 626 3158 tarn
649 3099 679 3158 in
694 3094 910 3176 Gcographiois
924 3096 987 3153 suis
1000 3095 1082 3153 libris
1100 3096 1195 3154 molta
1218 3096 1324 3175 passim
1335 3092 1371 3153 da

282 3191 455 3255 Alexandro
466 3194 563 3267 refert,
585 3212 674 3274 quam
687 3192 777 3255 etiam
790 3190 944 3254 historiam
956 3190 1019 3270 ejus
1033 3190 1175 3271 peculiari
1192 3210 1283 3272 opere
1296 3208 1373 3253 com·

284 3292 387 3370 plexus
399 3300 455 3362 eat,
470 3290 550 3369 quod
564 3291 627 3371 ipse
641 3290 713 3353 citat
726 3308 787 3351 non
802 3286 892 3369 longe
906 3306 925 3349 a
937 3286 1082 3369 principio
1095 3287 1144 3348 lib.
1161 3307 1202 3351 11.

325 3380 455 3448 Struttr's
469 3386 636 3466 Olynthius
653 3387 772 3467 scripsit
785 3384 995 3466 Ephemerides
1012 3383 1174 3446 Alexandri
1192 3384 1277 3447 libris
1290 3384 1375 3467 quin·

283 3502 352 3565 que,
363 3482 434 3545 item
445 3482 483 3545 de
492 3484 573 3545 obitu
588 3484 663 3564 ejus.
707 3484 818 3546 Auctor
833 3482 951 3545 Suidas.

323 3580 444 3643 Susidas.

326 3679 420 3742 Tutili
434 3678 582 3741 Mircorrd
593 3678 623 3737 in
633 3678 758 3739 historia
770 3676 900 3739 Persica.

323 3777 438 3838 Petras
453 3774 767 3849 Tarracinensem,
791 3773 829 3834 de
841 3774 961 3854 regibur
980 3772 1138 3835 Persarum
1160 3774 1191 3833 in
1206 3792 1262 3835 suo
1284 3774 1377 3837 ltine·

280 3894 366 3937 rano.

324 3972 505 4054 Timagenes.
548 3970 665 4032 Citatur
677 3970 727 4033 hic
741 3990 760 4031 a
774 3968 879 4030 Curtio
901 3986 952 4029 rx.
974 3972 1005 4030 5.
1027 3970 1077 4031 21.
1109 3966 1260 4030 iudicium
1279 3967 1324 4029 de
1341 3986 1379 4029 eo

280 4065 349 4127 ride
359 4068 437 4148 apud
451 4066 624 4137 Quintilian.
640 4068 834 4130 Institutio.
850 4069 878 4127 1.

323 4161 557 4244 lhrcuquidam.
579 4165 638 4233 Qui
647 4184 694 4229 res
703 4172 804 4245 gestas
817 4162 980 4227 Alexandri
989 4162 1020 4225 in
1034 4180 1117 4226 suam
1126 4160 1261 4243 linguam
1274 4170 1380 4222 tras·
