3000 4875
271 334 358 403 loet
573 340 796 392 cursaoous
819 336 1060 388 soassroauu

273 496 379 560 ladam
404 514 523 557 suarum
546 493 814 575 peregrinationum
842 488 1079 553 &amusos
1107 489 1237 571 reliquit,
1259 492 1371 555 ialsslis

273 595 407 668 refertos,
423 602 564 674 arguente
579 592 726 651 Strabone
739 590 790 649 lib.
805 607 847 650 ιι.
876 588 1001 669 Scripsit
1016 598 1049 647 et
1072 585 1210 663 Politice,
1223 592 1368 671 qutecita
1495 609 1499 618 ·

272 690 448 753 Atheaoeus.

316 787 522 851 Messeelssrss
551 787 712 865 Sicyonius
739 780 855 861 scripsit
880 782 1034 845 historiam
1059 785 1224 848 Alexandri
1251 786 1369 867 liugai.

275 883 396 947 Suidas.
410 884 634 945 volaterranus.

317 980 505 1057 hierissriihss
541 978 827 1041 Alesassdrissorssss.
874 980 966 1041 Hunc
992 976 1214 1041 Alexandrinos
1241 979 1283 1041 de
1307 981 1371 1043 rita

278 1078 440 1140 Alexandri
466 1075 678 1158 conscripsisse
696 1086 801 1137 auctos
823 1090 871 1139 est
896 1075 1086 1157 Nicephosus
1110 1076 1372 1139 Ecclesiastliis·

220 1192 228 1199 ·
276 1176 361 1237 toria
376 1196 411 1237 x.
426 1176 476 1235 36.

321 1272 485 1333 Nea-elsae.
507 1273 568 1332 Iste
581 1290 650 1332 cum
663 1269 834 1335 Alexandro
846 1271 994 1347 militarit,
1014 1282 1045 1333 et
1064 1271 1104 1333 de
1115 1272 1205 1333 Alex.
1217 1272 1372 1333 historiam

278 1369 467 1449 consempsit.
507 1368 652 1429 Mentitus
665 1378 764 1430 autem
777 1379 832 1444 est,
852 1368 935 1449 quod
949 1389 981 1431 se
994 1368 1183 1430 Naraschunr
1197 1387 1267 1431 esse
1279 1369 1373 1449 scrip·

282 1466 365 1540 serit,
379 1485 447 1527 cunr
464 1464 552 1525 inerit
572 1465 660 1526 unius
681 1474 795 1527 tantum
822 1466 908 1526 nasis
932 1468 1122 1547 gubernator.
1163 1465 1240 1526 lime
1252 1465 1374 1527 Suidas.

281 1561 343 1623 Sed
367 1563 391 1621 si
414 1572 495 1623 recte
514 1560 645 1635 memini,
659 1560 770 1622 crimen
788 1560 863 1623 illud
884 1564 922 1624 ab
945 1562 1012 1623 aliis
1033 1560 1093 1622 fide
1113 1561 1297 1641 dignioribus
1316 1562 1376 1621 im-

280 1658 412 1739 pingitur
426 1656 605 1718 Onesicrito.
646 1657 735 1717 Certe
749 1657 940 1719 Naraschurn
955 1658 1087 1739 appellat
1105 1660 1192 1719 etiam
1206 1656 1376 1717 Philostra-

282 1762 331 1815 tus
345 1753 376 1814 in
389 1753 538 1835 Apollonii
552 1754 612 1813 rita
625 1753 676 1813 lib.
693 1770 750 1817 ιιι.
764 1766 797 1815 et
808 1753 920 1817 diserte
933 1756 1076 1817 Arrianus
1087 1755 1119 1815 in
1128 1753 1239 1817 Indicis
1250 1772 1311 1815 ιιι.
1321 1757 1375 1817 ts.

282 1850 382 1912 Multa
393 1862 493 1913 autem
506 1850 538 1910 in
550 1848 673 1909 historia
685 1850 842 1913 mentitum
855 1851 898 1913 ait
911 1852 1019 1912 Strabo
1028 1852 1080 1912 lib.
1090 1871 1128 1915 ιι.

324 1948 445 2009 Nestor.
467 1947 565 2028 Hujus
579 1945 803 2007 Alexandriada
815 1949 890 2009 citat
902 1947 1072 2028 Stephanus
1085 1949 1116 2008 in
1124 1946 1298 2007 Turissa«.

326 2045 461 2107 ilienses
481 2045 543 2105 Res
571 2054 671 2123 gestas
698 2042 860 2105 Alexandri
885 2044 1063 2107 Macedonis
1089 2043 1218 2124 scripsit,
1244 2043 1377 2104 Auctore

285 2142 418 2205 Varrone
438 2142 468 2201 in
489 2150 594 2221 quarto
615 2158 712 2199 rernm
733 2138 919 2215 Divinarum,
933 2160 1023 2221 quem
1035 2142 1108 2203 citat
1120 2140 1292 2202 lactantius
1307 2159 1333 2201 1.
1346 2142 1376 2200 6.

284 2249 317 2299 et
336 2258 374 2298 cx
395 2255 432 2297 eo
455 2236 622 2296 Sabellicus
644 2236 795 2296 Enncadis
819 2241 851 2299 2.
865 2237 916 2300 lib.
933 2256 989 2298 ιιι.
1002 2248 1034 2299 et
1060 2237 1137 2300 Lud.
1151 2237 1240 2297 Vires
1256 2236 1297 2297 ad
1309 2226 1375 2299 Aa·

284 2334 397 2413 gustin.
411 2333 450 2392 de
463 2332 591 2392 Ciuitate
605 2332 662 2391 Dei
677 2350 786 2393 xvrrs.
798 2337 850 2397 27.
1056 2408 1061 2421 .

327 2430 482 2494 NicolssIe.
503 2428 599 2510 Hujus
612 2422 810 2508 fragmentum
822 2430 862 2493 de
875 2429 1046 2494 Alexandro
1059 2429 1168 2511 legitur
1186 2427 1269 2511 apud
1282 2427 1376 2491 Athe·

284 2550 384 2592 assnm
398 2549 464 2590 xrs.
477 2529 508 2588 9.

329 2627 480 2708 llyssplris
494 2623 683 2686 Heracleotes
701 2625 818 2706 scripsit
841 2625 880 2687 de
902 2627 988 2688 Alex.
1010 2635 1041 2688 et
1063 2624 1288 2687 successorihus
1301 2623 1377 2703 ejus.

287 2725 409 2787 Suidas.
451 2722 569 2782 Librum
595 2721 660 2800 ejus
682 2739 793 2783 nonum
817 2721 855 2783 de
880 2722 1049 2784 Ptolemais
1070 2721 1145 2784 citat
1165 2720 1275 2782 dilian.
1295 2720 1376 2782 ffiss.

285 2819 417 2878 Animal.
432 2837 521 2878 xvsr.
539 2819 569 2878 ³.

332 2913 542 2994 Olympiodoro
558 2915 743 2994 Descriptio.
775 2915 864 2977 Hanc
884 2936 953 2980 cum
972 2917 1104 2980 Eusebio
1116 2915 1214 2978 edidit
1222 2917 1289 2978 Jos.
1303 2917 1376 2976 Sca·

286 3012 371 3094 liger.

334 3113 520 3174 Onesicritus
532 3111 640 3173 citatur
667 3131 685 3171 a
707 3110 806 3172 Plinio
821 3131 870 3174 rr.
882 3116 936 3170 22.
950 3115 981 3169 2.
1016 3111 1177 3171 Alexandri
1197 3109 1379 3172 incunabula

290 3221 321 3270 et
347 3209 491 3288 originem
515 3209 641 3288 scripsit,
664 3207 780 3270 hairtio
802 3215 891 3266 teste.
926 3205 1033 3266 Strabo
1055 3225 1124 3266 curn
1145 3207 1265 3286 reliquis
1287 3209 1381 3268 multa

290 3305 445 3366 mentitum
469 3305 567 3384 arguit
589 3304 642 3366 lib.
658 3323 697 3366 ιι.
718 3314 750 3368 et
769 3303 932 3384 paurum
955 3301 1006 3364 lib.
1022 3321 1081 3364 xv.
1104 3302 1135 3362 in
1149 3303 1230 3364 hunc
1242 3308 1381 3367 senum:

291 3401 371 3460 hunc
384 3401 504 3461 meliore
521 3401 589 3478 jure
610 3400 811 3460 fabulosarum
825 3410 857 3461 et
875 3397 1091 3460 incredibilium
1112 3394 1260 3461 de'Alex.
1279 3418 1383 3461 narra-

291 3499 414 3570 tionum,
427 3515 516 3577 quarn
535 3497 767 3575 gubernatorum
790 3496 940 3557 navalium
964 3494 1096 3576 ejusdem
1116 3503 1262 3557 rectorem
1282 3497 1385 3558 dioere

290 3597 397 3676 possis.
439 3592 585 3674 Equidem
598 3573 746 3673 quo'tquot
759 3593 961 3655 Alexandrum
981 3593 1123 3665 comitati,
1144 3591 1182 3652 de
1206 3593 1295 3653 rebus
1315 3593 1388 3672 ejas

291 3693 385 3776 gestis
399 3690 511 3772 aliquid
526 3691 687 3769 scripsere:
713 3691 733 3749 ii
755 3689 931 3750 admiranda
944 3689 1020 3750 reris
1034 3688 1284 3762 antehabuerunt,
1296 3709 1392 3750 morr-

291 3791 396 3853 strosis
424 3799 524 3850 tammt
551 3786 768 3848 narrationibus
794 3806 895 3846 omnes
919 3805 971 3846 eos
998 3785 1047 3847 hie
1074 3802 1233 3866 superasse
1253 3785 1391 3848 videtur.

291 3889 409 3949 Nomen
435 3887 522 3966 hujus
544 3895 714 3966 corruptum
734 3883 857 3945 arbitror
872 3882 952 3963 apud
967 3883 1089 3944 Luciea.
1103 3881 1141 3942 de
1156 3882 1394 3944 conscribenda

291 3986 422 4048 historia.
466 3984 507 4042 Ut
520 3985 598 4044 enim
611 3983 758 4062 conjicere
778 3993 834 4054 est,
848 3981 897 4040 hic
921 3980 987 4052 luit,
1001 3979 1040 4040 ad
1060 3999 1149 4059 quem
1164 3979 1250 4040 Alex.
1266 3979 1396 4042 dixisse

291 4083 391 4154 fertur,
406 4081 589 4142 hauddubie
610 4081 762 4141 historiam
784 4079 812 4138 ei
834 4095 918 4138 suam
932 4076 1114 4146 offerentem,
1127 4086 1230 4155 optare
1244 4096 1288 4150 se,
1303 4086 1344 4136 at
1357 4078 1396 4140 in

290 4178 379 4238 vitam
393 4177 487 4239 redire
511 4188 624 4256 posset,
648 4189 680 4240 et
699 4195 892 4257 cognoscere,
912 4175 1019 4254 quibus
1041 4173 1145 4234 animis
1167 4173 1256 4236 istam
1279 4193 1403 4237 narra·
