3000 4875
503 303 554 350 an
578 306 612 363 o.
634 303 764 353 ounrrr
790 303 860 352 nin.
885 306 909 352 r.
1152 289 1242 357 1577

440 532 497 618 xil.
532 534 629 594 Genua
642 534 808 598 Alexandri
824 535 947 614 Mogrra'.

157 658 372 720 Annxrnnen
387 659 522 740 Philippo
537 663 672 742 Amyntre
686 663 795 735 filio,et
806 664 981 744 Olympiade
993 665 1126 744 Epirenai
1142 676 1240 737 notua,

157 763 283 834 otroqne
309 767 431 835 parente
454 756 652 819 nobilissimus
672 759 743 820 init.
789 759 877 819 Pater
897 761 974 819 enim
996 759 1033 820 ad
1061 761 1243 835 Herculem,⁸

156 861 252 911 mater
265 851 304 911 ad
320 851 463 913 Achillem
475 848 487 882 ⁸
506 871 600 932 genna
615 855 768 916 referebat.
810 855 860 914 Sic
873 854 969 915 clama
983 856 1049 916 aliia
1062 855 1240 929 Alexander,

157 946 213 1006 ribi
228 947 370 1007 obreorua
385 948 545 1017 videbator,
559 948 625 1018 oiri,
638 950 776 1011 abdicato
789 950 903 1010 mortali
923 960 1016 1029 patre,
1031 952 1069 1012 ab
1092 952 1166 1013 Jove
1187 971 1239 1029 ge·

157 1041 238 1100 nitor
252 1041 428 1102 crederetur.
469 1043 580 1104 Addita
597 1045 763 1105 innolentioe
777 1046 887 1119 sabula,
902 1046 1078 1108 draconem⁶
1096 1048 1127 1106 in
1150 1047 1239 1107 cubili

155 1139 257 1230 matria
270 1138 375 1211 visorn,
388 1159 473 1218 quem
484 1140 599 1220 Jupiter
613 1139 750 1203 induerit.

188 1303 199 1329 ¹
217 1299 257 1346 Ad
270 1298 405 1363 Herulm]
422 1301 547 1351 Conditor
557 1302 680 1352 Macedo·
714 1317 770 1354 ran.
782 1305 807 1352 in
820 1304 925 1354 Attieir.

155 1372 208 1421 nici
228 1373 302 1436 regni
321 1373 436 1424 Caranon
455 1378 539 1439 patria
559 1377 680 1440 Argivos,
746 1378 912 1441 ‘DmcrarnJ
921 1378 964 1428 Sic
975 1378 1130 1429 Plotnrellnt
1139 1378 1239 1442 tolita.

154 1449 199 1511 qni
218 1462 233 1498 a
250 1447 374 1513 Temeno,
391 1451 511 1502 Herculia
526 1451 589 1516 fillo,
602 1455 680 1518 origi·
713 1453 832 1505 lortinor
853 1467 893 1503 xx.
916 1458 956 1505 ll.
977 1453 1084 1518 alliqner
1113 1452 1182 1517 qood
1203 1453 1238 1503 de

155 1538 215 1573 nem
228 1523 352 1574 docebat.
368 1525 488 1576 ltaVell.
501 1527 666 1580 Paterni-tl.
713 1529 841 1580 adulterio
862 1545 877 1576 x
900 1542 951 1577 non
976 1527 1065 1592 parreia
1088 1528 1236 1592 exponitur.

186 1597 199 1631 ὓ
214 1599 255 1649 Ad
266 1598 392 1664 Acidim]
414 1599 436 1650 A
448 1600 559 1666 Pyrrho,
573 1602 678 1653 Aelrillia
712 1604 774 1654 Vid.
784 1604 896 1654 Cedren.

154 1675 366 1740 tilio,Eplreoaea
377 1691 452 1742 reget
462 1679 524 1728 orti.
552 1679 596 1730 Sic
611 1679 678 1730 Peo-

276 1876 332 1936 lll.
355 1877 477 1938 Ostenta
489 1880 566 1940 elren
576 1887 708 1958 portam,
719 1887 748 1938 et
758 1881 888 1957 nogaria
901 1877 1130 1956 magnitudinis.
1195 1859 1199 1866 ’

153 2002 344 2064 Pnrnrrnns
357 2025 409 2085 per
429 2005 555 2086 quietern
576 2005 650 2066 vidit
668 2007 851 2084 obsignatam
867 2004 1052 2083 Olympiadis
1071 2005 1168 2063 alrorn
1183 2021 1237 2063 an·

153 2101 250 2172 nolo,¹
268 2101 351 2180 cujux
367 2103 515 2181 sculptura
528 2105 641 2163 leonem
660 2103 819 2182 praeferret,
829 2101 908 2180 qnod
920 2115 1002 2160 vater
1014 2098 1186 2159 Aristander
1195 2099 1234 2157 de

154 2197 225 2255 loero
236 2216 380 2276 generoso
391 2210 420 2259 et
430 2198 547 2258 leonina
560 2197 761 2278 magnitudine
772 2197 860 2256 animi
875 2198 1080 2275 interpretatus
1088 2205 1145 2254 ert.
1166 2193 1235 2262 Qua

153 2303 242 2352 nocte
256 2307 353 2354 autem
369 2307 456 2356 natus
470 2295 638 2356 Alexander
652 2305 707 2366 est,
729 2294 832 2355 eadem
854 2293 992 2372 templum
1014 2291 1150 2372 Ephesia
1162 2289 1235 2348 Dia-

152 2399 224 2449 nrab
245 2389 460 2452 celeberrimum
484 2389 675 2471 deflagravit:
701 2389 781 2471 qnod
802 2389 920 2470 rnajorlr
936 2389 1028 2450 roinn
1056 2386 1235 2467 presagium

152 2486 329 2559 habuerunt,
343 2488 393 2566 qui
407 2508 443 2548 ex
458 2488 581 2547 fortunae
595 2506 666 2547 caen
682 2486 720 2547 de
734 2487 839 2546 tuturis
849 2484 1034 2565 judicabant,
1055 2490 1169 2543 ‘ortam
1183 2481 1236 2541 ali·

153 2582 222 2643 cubi
237 2584 330 2643 larem
345 2604 420 2655 asae,
433 2603 492 2664 qua
505 2583 584 2644 Aaire
594 2602 715 2662 regnum
727 2583 972 2661 conflagraturom
981 2580 1039 2639 ait!

185 2754 198 2781 ⁸
207 2744 314 2809 Amin]
330 2745 483 2795 Plutarclnn
494 2746 542 2796 lroe
553 2746 677 2795 nomnium
711 2750 814 2794 noctem
826 2742 958 2807 eoenieeat,
969 2740 1125 2791 arelernarre
1137 2752 1238 2803 nerra,

153 2830 251 2885 narrat,
263 2836 321 2873 euro
333 2822 554 2885 interpretatione.
712 2824 720 2849 ‘
732 2826 832 2883 pentem
843 2832 873 2869 ec
886 2818 1026 2881 perniciem
1036 2815 1105 2867 ann
1119 2815 1236 2880 proxima

183 2897 196 2931 δ
208 2897 327 2960 Tmolon
338 2897 439 2961 Diona]
452 2896 506 2946 cie.
518 2896 551 2946 de
560 2895 676 2948 Divinot.
711 2902 788 2946 noete
799 2894 904 2944 netem!

153 2988 171 3024 r.
183 2978 224 3025 2³.
234 2972 324 3035 tradit,
338 2972 381 3023 obi
396 2974 482 3023 locere
494 2981 554 3037 port
564 2972 677 3023 incendii

484 3184 536 3244 tv.
557 3183 704 3245 Educatio
718 3180 893 3242 aaroni.

153 3314 297 3381 Qonrrrn
314 3313 439 3395 Philippi
452 3313 481 3373 in
496 3310 650 3373 educando
663 3310 723 3370 filio
734 3308 852 3369 solertia
861 3306 957 3379 fuerit,
969 3303 1123 3384 Epistola·
1139 3300 1232 3363 doen·

153 3419 252 3469 mento
266 3424 322 3481 eat,
336 3428 396 3488 qua
408 3410 463 3469 eibi
484 3407 647 3489 gratulatus
669 3406 736 3477 luit,
750 3403 831 3485 qnod
844 3404 880 3463 iia
900 3400 1079 3483 temporibur
1092 3398 1153 3461 filio
1166 3418 1235 3460 ano·

151 3516 199 3563 tua
215 3505 264 3578 eit,
279 3525 345 3583 quie
365 3504 551 3565 Aristotelem
573 3503 644 3563 dare
664 3498 896 3582 preceptorem*
913 3499 1039 3579 poaaint,
1058 3496 1110 3575 qui
1127 3495 1230 3576 patriar

181 3672 193 3699 ⁸
204 3664 326 3729 Epicteto]
338 3665 450 3754 Philippl
462 3665 494 3715 ed
508 3664 673 3715 Aristotelem
709 3678 750 3713 nix
761 3662 892 3711 literarum
902 3652 1233 3780 elementxgradllzbffir·

181 3812 673 3881 Μ...]
709 3728 1234 3800 ⁹¹²⁰

150 3894 232 3943 totele
251 3906 312 3943 nane
331 3898 371 3942 eat
388 3891 547 3953 Alexander,
566 3890 675 3955 primurn
709 3888 788 3948 aioni,
798 3884 820 3933 ol
836 3897 887 3933 oon
904 3880 1045 3932 rtodiornre
1061 3878 1135 3929 initia
1146 3892 1161 3928 a
1174 3891 1234 3941 per·

148 3966 288 4018 admodum
304 3980 368 4030 orer
385 3966 417 4016 xd
434 3966 562 4017 elementa
574 3966 674 4016 dircen·
708 3959 854 4012 ieetiuino
864 3969 966 4021 qnoque
978 3954 1094 4017 meteri,
1103 3952 1234 4017 pertinere

149 4043 191 4093 dx.
224 4041 399 4095 Quintilianor
420 4054 440 4091 1·
457 4048 481 4093 l.
497 4039 560 4090 ‘An
576 4039 675 4104 Philip·
709 4036 742 4087 ad
753 4034 863 4085 otneimn
873 4029 1055 4082 eredldluoti’
1072 4028 1112 4078 Ad
1124 4027 1233 4091 primani

148 4119 216 4184 pnr,¹
227 4117 321 4183 inquit,
330 4117 339 4147 ⁸
347 4116 496 4169 Alexandro
504 4114 558 4167 illio
566 4130 612 4167 roo
620 4114 674 4180 pri·
707 4114 773 4165 hane
782 4107 970 4161 inrtitntionenr
980 4102 1107 4171 prentrto
1115 4102 1233 4169 &latoio
