3000 4875
241 840 651 942 CATALOGUS
699 844 1147 940 SCRIPTORUM

546 1079 830 1158 russorum

314 1283 757 1392 ALEXANDRI
807 1283 1073 1390 MAGNI.

191 1542 234 1586 Ex
246 1542 374 1587 torturus
387 1545 584 1590 mmsnltmt
597 1547 827 1592 corrmmmm
840 1547 874 1590 nt
888 1546 996 1589 uanos
1007 1544 1199 1590 svamm

272 1638 300 1680 0.
312 1638 417 1682 cunm
430 1640 471 1682 DE
481 1641 577 1684 mus
590 1642 687 1684 ossus
697 1641 879 1684 amararum
892 1639 1002 1689 nom,
1015 1638 1081 1682 CAP-
1092 1641 1116 1680 4.

349 1977 402 2044 [ux
412 1977 935 2045 manassem.n01pn.ssnugs.nss
948 1979 1037 2044 ma]

142 2152 317 2232 Quosrsrs
346 2179 383 2222 ex
407 2160 565 2222 collatione
587 2161 771 2242 Scriptorum
799 2160 930 2221 maxima
952 2160 1014 2220 sere
1041 2156 1094 2218 lux
1121 2154 1248 2239 affulget

141 2254 284 2330 historias,
295 2255 421 2337 pretium
432 2276 531 2338 operoe
546 2257 608 2318 sore
620 2257 772 2332 duximus,
783 2276 955 2320 enumerare
968 2266 1000 2318 et
1012 2256 1087 2317 alios
1098 2264 1246 2337 quotquot

141 2371 190 2413 res
205 2341 308 2434 gestas
321 2353 485 2415 Alexandri
499 2363 721 2435 pertexuerunt.
763 2353 810 2414 Ex
831 2353 939 2435 quibos
954 2353 1006 2435 qui
1020 2353 1119 2416 adhuc
1140 2352 1248 2435 legun-

140 2459 202 2527 tur,
230 2470 332 2514 eorum
360 2453 443 2514 nuda
470 2453 592 2515 nomina
623 2472 775 2533 apponere
797 2452 925 2527 suffecit,
953 2452 1079 2513 aliorum
1115 2462 1248 2526 atatem,

141 2547 266 2629 scripta,
286 2548 423 2629 patriam,
443 2550 632 2631 quantumin
647 2547 705 2611 hac
717 2550 862 2611 brevitate
875 2548 985 2629 potuit,
999 2548 1161 2629 diligenter
1173 2566 1246 2609 eno·

141 2644 284 2706 tacimus.

183 2742 365 2824 Catalogum
379 2761 499 2824 quoque
513 2742 697 2829 Scriptorum
717 2742 861 2805 Historiae
872 2740 1035 2803 Alexandri
1049 2740 1156 2823 Magni
1169 2760 1245 2803 con·

139 2849 278 2901 texuerat
291 2839 362 2902 Joh.
377 2839 554 2913 Loccenios,
566 2840 621 2902 sed
643 2840 780 2921 gaudens
799 2856 864 2901 eam
879 2859 1000 2921 opernm
1016 2838 1121 2901 aViro
1135 2859 1246 2919 magno

140 2944 174 2997 et
188 2934 390 2998 eruditissimo
403 2935 476 2999 Ger.
489 2938 561 3001 Joh.
575 2938 685 3001 vossio
701 2958 725 2999 1.
742 2940 792 2999 10.
805 2948 837 3001 et
850 2941 900 2999 24.
915 2936 954 2998 de
968 2936 1050 2998 nist.
1064 2937 1164 2998 Graec.
1179 2957 1248 2999 esse

141 3043 335 3113 occupatam,
348 3054 416 3095 enm
436 3034 546 3109 omisit,
559 3044 595 3096 ut
616 3036 680 3116 ipsc
694 3035 732 3096 de
755 3054 788 3094 se
810 3034 913 3095 scribit
933 3034 974 3094 ad
996 3034 1141 3095 Nostrum
1153 3050 1203 3094 nx.
1219 3035 1250 3094 5.

139 3130 195 3190 21.
210 3130 267 3191 His
280 3130 420 3211 quaedam
434 3131 506 3193 addi
517 3142 647 3213 possunt
658 3152 696 3195 ex
708 3130 840 3193 Reinesii
853 3130 980 3212 Epistol.
995 3128 1034 3191 ad
1045 3128 1249 3191 Hofmannnm

142 3246 176 3309 p.
186 3228 257 3289 311.
870 3232 873 3237 ’

185 3326 307 3386 Monuit
316 3335 416 3387 temen
429 3326 468 3388 de
481 3326 529 3388 his
543 3325 768 3408 Prolegomenis
784 3326 846 3389 suis
860 3326 924 3409 ipse
939 3323 1130 3388 doctissimus
1145 3324 1250 3387 Frein-

142 3422 290 3497 shemius,
300 3422 382 3504 quod
396 3424 454 3486 hoc
468 3424 536 3486 loco
550 3428 657 3487 referre
671 3426 911 3507 operaepretium
922 3424 1062 3487 duximus
1074 3445 1112 3487 ex
1122 3420 1254 3504 notisjad

139 3538 178 3579 x.
194 3522 225 3583 9.
241 3524 272 3582 3.
282 3520 435 3601 Rutgersii
448 3523 626 3585 sententiam
640 3523 679 3585 de
692 3534 782 3586 oetate
797 3523 894 3587 Curtii
908 3532 918 3559 ⁸
930 3523 1070 3585 Auctoris
1085 3523 1180 3584 verbis
1194 3540 1251 3602 ap·

138 3616 239 3699 prime
253 3619 412 3681 convenire
434 3619 568 3681 ostendit
587 3620 785 3682 clarissimum
803 3621 964 3702 literarum}
974 3622 1077 3682 lumen
1091 3620 1254 3698 oengusu-

139 3714 221 3789 sius,
236 3716 266 3776 in
279 3716 386 3777 eximio
399 3716 450 3779 illo
462 3737 550 3797 opere
564 3716 602 3778 de
619 3717 778 3780 Historicis
793 3718 909 3780 Grecis
919 3723 961 3798 {et
975 3716 1098 3789 Latinis,
1112 3715 1210 3778 Latin.
1226 3735 1254 3778 1.

139 3814 198 3871 28.
212 3812 295 3891 qdod
319 3814 344 3873 si
367 3814 521 3894 aliquanto
534 3817 677 3877 maturius
693 3816 819 3897 adipisci
831 3815 980 3890 licuisset,
993 3814 1024 3875 in
1040 3814 1134 3876 tribua
1149 3812 1255 3895 priori-

137 3911 203 3970 bus
216 3908 337 3990 Proleg.
352 3930 441 3992 capp.
463 3912 626 3975 admodum
645 3912 754 3994 juvari,
779 3914 808 3973 iu
831 3932 866 3975 eo
892 3912 1039 3992 etinmjde
1060 3912 1254 3994 scriptoribus
1324 3963 1328 3970 .

138 4005 289 4067 Historiae
313 4006 536 4083 Alexandrino,
550 4010 631 4071 omni
653 4010 714 4072 iere
738 4028 810 4071 cura
823 4010 914 4071 levari
937 4019 1093 4092 poteram:
1115 4030 1185 4071 nam
1212 4010 1252 4071 de

134 4102 206 4167 iuis
228 4124 348 4187 quoque
371 4106 595 4189 diligentissime
617 4108 790 4190 inquisitum
814 4118 871 4184 est,
893 4107 931 4171 de
955 4108 1035 4171 liist.
1051 4106 1151 4175 Groec.
1167 4130 1190 4173 1.
1204 4110 1252 4170 10.

139 4212 174 4264 et
192 4204 256 4265 24:
