3000 4875
261 315 345 384 1578
582 331 668 378 our.
692 327 871 376 onnuaarr
896 327 1025 376 suern.

261 483 357 544 urbis‘
378 481 617 540 instaurationem
639 479 791 558 proemium
816 479 925 538 laboris
949 479 988 538 ab
1006 496 1076 555 rege
1099 477 1176 536 tulit.
1218 476 1337 539 Assidni

262 589 359 637 autem
380 573 535 634 nutritores
561 585 591 635 et
609 573 768 654 paedagogi
791 573 917 646 inerunt,
942 572 1098 642 leonidas,
1126 572 1338 653 Lysimachusd

263 672 411 741 Acarnan,
425 679 456 729 et
468 669 600 749 ejusdem
622 671 718 750 gentis
737 670 914 749 Philippus,⁸
933 679 1028 729 rector
1042 668 1231 732 ualetudinis.
1272 669 1339 728 Elo-

262 765 390 849 quentiae
403 765 543 844 magistro
557 784 629 825 usus
639 777 684 826 est
695 767 876 826 Anaximene
890 766 1102 844 Lampsaceno,
1124 764 1210 843 cnjus
1228 763 1342 824 callidi·

263 863 317 924 tati
343 860 531 944 portatorium
554 861 733 922 eversionem
757 862 878 941 patriae‘
896 860 1024 921 donavit.
1067 860 1188 920 Homeri
1211 861 1340 921 carmina

264 960 338 1020 tanti
351 959 431 1031 lecit,
444 969 477 1018 ut
490 975 640 1035 nunquam
653 956 793 1018 iliadem⁸
814 977 873 1018 nou
886 959 1021 1018 comitem
1031 955 1160 1016 liaberet.

265 1133 388 1196 pertinet.
419 1133 522 1184 Deinde
540 1139 673 1198 postquam
691 1131 787 1181 disces·
822 1132 923 1195 gionem
944 1129 1049 1180 ditionis
1065 1144 1117 1179 snae
1135 1129 1241 1179 lecerit:
1267 1126 1342 1190 enjus

265 1215 335 1258 serat
343 1207 506 1272 Aristoteles,
515 1207 787 1271 revocatusMitylanis
821 1206 1023 1270 reprehensionis
1034 1221 1080 1254 rex
1089 1205 1150 1255 Asia
1161 1204 1256 1268 potitus
1267 1202 1344 1251 remi·

266 1281 366 1346 Μτριψι
387 1281 474 1346 χρόνον
488 1281 588 1340 ὄκνων-ἣ
604 1281 667 1346 rnpd
681 1281 787 1342 §raim
821 1281 931 1340 nirreus,
958 1279 1106 1330 immensam
1136 1279 1216 1329 tlruris
1240 1276 1343 1340 copiam

266 1356 440 1420 καθηγούμενος
450 1355 609 1420 Ἀλεξάνδρου.
620 1357 669 1406 hoe
678 1363 726 1418 est,
735 1361 787 1405 oris
821 1357 942 1406 Leomdrr
954 1357 1087 1415 summisit,
1098 1370 1209 1420 eumque
1226 1353 1258 1402 sd
1276 1352 1343 1401 libe-

265 1447 338 1484 mus
348 1435 409 1498 rpad
420 1433 557 1497 Pillipprrsr
567 1434 702 1483 Aleresdru
710 1433 787 1495 plilo·
822 1434 950 1482 ralitatem
967 1446 1030 1495 erga
1044 1432 1115 1481 Deos
1127 1447 1174 1494 per
1186 1432 1275 1495 jocum
1285 1429 1345 1478 lror·

266 1511 347 1574 roplrie
355 1511 477 1560 imbuenda
487 1525 578 1572 operari
588 1509 661 1557 dedit.
682 1509 787 1569 Dionys.
822 1516 892 1559 tatus
904 1515 952 1556 ert.
968 1508 1011 1556 Sic
1022 1507 1087 1557 idem
1099 1507 1234 1557 Plutarclr.

269 1587 442 1638 llallcarnars.
471 1587 502 1635 ad
526 1586 659 1634 Amoreunr
683 1598 708 1646 p.
732 1588 788 1633 121.
854 1581 1018 1646 ‘Plilipprrrl
1035 1583 1126 1632 Curtio
1144 1582 1202 1646 ipso
1220 1580 1345 1644 prodente

268 1659 789 1724 Quamvirramnrerriur,qurrrtriento·
823 1661 938 1708 rra.d.l.
1096 1701 1099 1706 .

267 1739 356 1802 nysius
368 1739 441 1788 nnius
453 1736 630 1787 teutummorlo
645 1733 678 1784 ad
692 1735 789 1800 Plrilip·
855 1732 1034 1783 'Eversiorervv
1061 1730 1159 1796 petria]
1199 1731 1347 1795 Laupsaei,

268 1829 329 1877 pum
339 1827 456 1864 accessus
465 1812 534 1878 (sius
542 1811 620 1862 dubio
630 1809 790 1876 posterioris)
823 1823 882 1874 quar
904 1807 992 1860 Persis
1010 1807 1120 1863 irroret,
1138 1805 1289 1856 Alexander
1311 1803 1348 1854 A·

268 1889 422 1938 mentionem
433 1886 540 1939 feriant.
825 1884 985 1935 naxlnrenem
1008 1891 1083 1934 extra
1104 1881 1197 1932 eurania
1218 1879 1348 1946 prodeun-

300 1964 421 2014 ‘Patrius
438 1965 515 2030 ardis]
529 1964 648 2030 Stagiris,
665 1977 716 2012 noe
732 1978 789 2013 cunr
825 1969 877 2012 tem
896 1960 995 2024 vldenr,
1009 1958 1179 2026 jurejurando
1196 1957 1300 2020 negavit
1318 1970 1350 2005 re

268 2040 394 2106 Olyntho,
404 2041 429 2091 ln
437 2039 790 2106 cuinsdltionat'uerst,sver·
825 2037 1036 2104 facturum,quorl
1047 2036 1091 2086 ille
1103 2043 1256 2100 precaturas
1263 2039 1349 2083 essetr

270 2131 316 2169 re.
333 2118 376 2169 Slc
388 2119 498 2183 Diogen.
510 2117 597 2168 hirs:
609 2119 634 2166 lu
646 2117 707 2166 Vita
721 2117 790 2166 Aris·
824 2119 868 2168 liic
878 2125 964 2168 autera
975 2116 1131 2166 eversionem
1138 2114 1234 2166 callide
1245 2124 1351 2178 masur,

271 2201 317 2247 tot.
335 2203 364 2246 et
379 2197 446 2246 Plio.
465 2210 515 2248 vrr.
528 2201 568 2246 ue.
587 2210 645 2245 curu
663 2193 791 2245 llsrduini
825 2195 1043 2243 conservationem
1060 2192 1085 2241 vi
1096 2189 1270 2255 jurisjurandi
1283 2189 1350 2240 obti-

269 2271 447 2321 vrrendrtlone
458 2275 500 2321 ⁹⁵.
824 2269 890 2319 ooit.
906 2268 948 2318 lta
958 2268 1016 2319 Vel.
1027 2267 1098 2317 Mar.
1110 2279 1162 2316 rrr.
1174 2270 1199 2314 t.
1210 2267 1235 2314 A.

300 2345 313 2379 ὓ
333 2345 458 2410 Deorum,
475 2347 638 2412 Murum]
666 2345 706 2394 Ex
728 2344 791 2393 Plu·
857 2343 997 2407 ruerem]
1008 2339 1352 2403 merrtemeisdperirslel·

270 2421 366 2473 tercio.
400 2421 451 2473 Hic
475 2421 517 2473 ille
537 2421 664 2473 leoulrlas
680 2427 730 2484 est,
747 2419 791 2486 qui
825 2419 1003 2477 tumidiores
1011 2416 1350 2479 nddmuffletustliadera

270 2494 445 2547 Alexandrum
465 2512 581 2562 puerum,
602 2497 676 2548 thure
697 2498 792 2559 largior
826 2496 934 2547 Homeri
956 2495 1031 2557 dixit,
1060 2494 1202 2545 Plutrrrlro
1225 2501 1347 2543 auctore:

271 2572 469 2629 sacrificantem.
480 2574 627 2638 caligavit,
638 2580 690 2623 tum
701 2572 792 2621 decere
826 2572 904 2621 etlam
916 2571 1020 2633 pulvino
1031 2585 1088 2621 curn
1104 2571 1216 2635 pugione
1227 2570 1352 2621 dormitu·

271 2648 441 2701 liberaliorem
452 2664 516 2713 esar,
524 2665 582 2701 oum
593 2647 742 2699 tlurrllerrm
755 2661 793 2697 re·
827 2660 870 2696 rus
878 2646 1022 2711 supposuit.

616 2890 653 2951 V.
671 2890 850 2951 Redisserrlo
861 2885 990 2947 milities.

272 3039 480 3099 Panerorurr
494 3035 627 3096 militaris
642 3033 851 3115 magnitudinis
862 3034 892 3093 iu
903 3032 1089 3111 Bucephalo¹
1102 3051 1174 3112 puer
1185 3031 1354 3091 Alexander

272 3134 363 3207 dedit,
376 3153 461 3212 quem
477 3132 605 3204 mirifice,
619 3132 728 3191 umbroe
742 3130 855 3189 ratione
868 3128 977 3200 habita,
989 3128 1030 3187 ita
1041 3128 1115 3187 rexit
1125 3127 1310 3206 domuitque,
1320 3138 1355 3185 ut

271 3240 355 3308 pater
374 3230 470 3288 omine
491 3228 560 3287 iude
583 3236 671 3307 copto
686 3224 867 3297 exclamarit,
888 3223 988 3283 ‘eliud
1008 3223 1203 3302 lilio'regunm
1218 3243 1355 3303 quaren-

271 3325 341 3384 dum
367 3344 443 3392 erae,
467 3324 602 3402 quoniam
618 3322 795 3383 Macedonia
813 3340 873 3379 uon
890 3320 1029 3400 caperet!
1069 3320 1222 3379 Decimum
1241 3337 1353 3379 anuum

271 3429 302 3479 et
314 3417 469 3495 septimum
484 3420 599 3495 agebat,
618 3436 683 3477 cum
704 3427 787 3496 pater
809 3413 1002 3497 Bysuotiumb
1023 3434 1199 3494 oppugnans
1222 3414 1281 3493 ipsi
1301 3414 1355 3474 ad·

272 3512 511 3573 ministrationem
528 3514 610 3591 regui
622 3513 828 3573 commisisset.
869 3511 1035 3571 Rebellavit
1049 3521 1109 3571 tum
1123 3510 1259 3569 Thracias
1272 3530 1357 3589 quaa·

273 3609 341 3669 dam
361 3607 486 3677 civitas,e
506 3626 593 3686 quarn
615 3606 790 3668 adolescens
809 3607 950 3678 collectis,
971 3607 1021 3684 qui
1043 3606 1121 3665 domi
1142 3604 1237 3664 relicti
1258 3616 1353 3675 erant,

273 3706 412 3766 militibus
434 3704 591 3783 improvisa
609 3702 758 3763 celeritate
775 3704 930 3785 oppressit,
946 3711 977 3761 et
996 3702 1096 3761 urbem
1116 3702 1258 3759 convenis
1271 3700 1358 3759 habi-

272 3802 392 3865 tandam
408 3800 501 3873 dedit,
514 3798 565 3882 qui
585 3818 649 3861 enm
664 3798 869 3861 Alexandriam
882 3797 1078 3878 appellavere.
1119 3796 1180 3855 Sed
1195 3817 1263 3857 cunr
1277 3796 1357 3855 male

305 3992 318 4019 ι
333 3979 479 4045 Βκιφὴιιο]
496 3978 545 4029 Adi
556 3979 732 4029 Plutarchum.
830 3977 863 4027 rle
870 3976 985 4028 Urbibus
993 3977 1019 4024 in
1027 3973 1194 4038 Ἀλεξανδρεία.
1212 3975 1362 4027 Plutarcho

305 4058 318 4091 ¹³
333 4056 489 4125 Bymrlirrrrr]
505 4056 602 4107 lustin.
613 4070 655 4105 rx.
669 4059 690 4105 l.
829 4052 1034 4115 Ἀλοξυδρόιολω
1043 4060 1093 4101 ert.

306 4140 318 4166 e
336 4134 441 4183 veracia
451 4130 550 4195 cuitu]
558 4130 626 4182 Vide
636 4130 797 4195 Stephanum
