3000 4875
386 331 472 380 onn.
498 331 678 380 onnnsarr
705 332 994 386 rurrnssrnnrs.
1150 325 1238 392 1575

156 481 286 540 Atticam
295 478 467 539 contendit:
482 481 597 541 nemine
611 501 679 542 vere
690 482 785 563 ipsum
799 484 967 562 recipiente,
977 486 1088 547 relictis
1098 489 1238 552 militibus

156 575 197 634 ad
211 577 367 646 Taenaron,
382 576 432 634 ubi
440 576 502 654 jam
517 586 605 636 antea
618 577 860 639 mercenariorum
871 579 1005 652 miiitum,
1019 601 1094 661 quos
1108 586 1240 662 praefecti

158 670 187 730 in
199 673 272 730 Asia
280 690 317 732 ex
328 669 467 730 mandato
479 671 556 750 regis
567 673 746 746 dimiserant,
760 675 865 752 ingens
879 675 1034 737 multitudo
1047 680 1240 756 confluxerat,

157 767 291 828 Athenae
305 787 371 827 cunr
384 767 510 846 pecunia
523 780 570 829 ert
583 769 742 848 proiectus.
784 767 830 827 Ad
845 789 933 849 quem
951 774 1092 834 continuo
1105 777 1238 838 certatim

157 865 318 942 magnonis
329 863 434 923 civium
449 863 599 935 confluxit,
614 865 675 924 auri
690 865 795 944 magis,
808 885 896 943 quarn
909 867 1035 928 hominis
1048 887 1146 930 amore
1158 891 1239 932 coru·

158 959 247 1039 pulsi,
273 959 461 1038 inprimisque
483 969 622 1033 oratores,
640 973 670 1022 et
684 961 714 1020 hi
738 964 788 1042 qui
810 973 1004 1041 questumex
1023 964 1136 1045 pulpito
1149 966 1239 1030 incie-

158 1056 241 1116 bant.
283 1056 366 1124 Quos
375 1055 479 1133 exigua
495 1055 648 1134 largitione
660 1058 812 1136 peiiectos,
822 1069 856 1118 ut
869 1078 951 1118 suam
964 1077 1083 1119 censam
1097 1061 1136 1121 ad
1146 1081 1240 1142 popu·
1265 1089 1272 1102 ·

157 1149 219 1209 lum
233 1148 434 1222 defenderent,
449 1151 504 1212 sibi
518 1151 602 1212 iaciie
615 1153 747 1214 emticios
763 1156 842 1216 iecit.
875 1154 986 1214 Habita
999 1154 1106 1216 deinde
1121 1160 1241 1218 concio·

158 1263 196 1306 ne
206 1245 318 1325 populi,
331 1247 399 1306 urbe
413 1247 554 1308 excedere
563 1246 677 1327 jussus,
693 1250 731 1310 ad
747 1251 868 1312 Grecos
879 1251 1134 1330 perrenitmilites,
1143 1253 1239 1334 ibique

159 1342 459 1494 rmgdqqqssetqqiose
474 1422 575 1496 lector,
589 1445 656 1504 qum
666 1425 696 1483 in
710 1426 767 1486 hcc
781 1427 945 1506 fragmento
961 1426 1077 1500 desunt,
1092 1428 1178 1489 iaciie
1192 1449 1237 1491 re·

158 1518 260 1582 sarciri
273 1527 422 1598 poterunt.

258 2029 766 2124 CHRISTOPHORI
818 2030 1147 2123 CELLARII
1226 2081 1230 2089 ·

520 2264 883 2330 SUPPLEMENTA.

158 2470 285 2529 Curru
309 2470 394 2528 Ruri
423 2469 498 2528 duos
518 2470 628 2549 priores
653 2470 742 2531 libros
762 2471 865 2549 injuria
889 2482 1051 2551 temporum
1070 2471 1239 2553 deperditos

158 2585 236 2634 esse,
251 2563 319 2624 inde
334 2565 370 2624 ab
385 2565 566 2625 resuscitatis
586 2564 676 2625 literis
699 2566 852 2644 conquesti
873 2579 952 2639 sunt,
966 2568 1016 2645 qui
1030 2568 1137 2626 damno
1151 2566 1239 2644 hujus

133 2681 136 2689 ·
157 2661 275 2740 generis
290 2680 348 2719 non
366 2661 468 2720 ieviter
490 2661 649 2739 permoveri
673 2661 788 2720 soient:
819 2680 914 2741 neque
928 2663 958 2721 in
970 2662 1049 2720 hunc
1064 2662 1140 2721 diem
1156 2660 1237 2719 inve·

158 2758 224 2829 niri,
238 2757 398 2836 quamlibet
412 2776 524 2815 summo
539 2756 637 2815 studio
647 2756 807 2816 identidem
822 2758 962 2837 requisiti,
975 2767 1142 2835 potuerunt.
1176 2755 1240 2815 Pri·

157 2870 240 2911 mum
265 2852 353 2931 igitur
373 2856 509 2931 irrequies
523 2853 562 2920 Q.
585 2851 678 2910 Curtii
697 2851 821 2911 historia
843 2852 1060 2914 excudebatur:
1081 2863 1238 2932 postquem

158 2967 229 3007 raro
243 2948 469 3028 Christophorus
489 2948 588 3007 Bruno
609 2967 686 3007 anrro
708 2968 854 3009 rrnxnrv.
872 2960 997 3009 conatus
1011 2958 1058 3008 eet
1071 2967 1107 3007 ex
1120 2945 1238 3024 ingenio

159 3045 307 3123 supplere,
321 3064 387 3123 quae
400 3043 584 3114 deficiebant,
598 3044 732 3103 omnibus
746 3046 806 3105 iere
826 3045 1014 3111 editionibus,
1034 3043 1113 3101 iliius
1125 3041 1239 3120 conjec-

157 3140 298 3211 tationes,
306 3159 462 3219 suppresso
477 3138 647 3219 pierumque
660 3140 787 3212 nomine,
795 3140 929 3201 exhibitae
941 3140 1075 3204 iuerunt;
1088 3155 1238 3215 quaecum

160 3255 217 3295 nec
241 3234 358 3294 dicendi
382 3236 484 3313 copiae,
507 3253 601 3313 neque
620 3248 706 3294 terrae
725 3236 880 3315 elegantiae
894 3236 931 3303 Q.
951 3233 1043 3294 Curtii
1065 3230 1240 3312 respondere

159 3331 235 3391 vidit
254 3332 386 3391 Joannes
406 3330 629 3402 Freinshemius,
650 3332 783 3391 uberiora
803 3330 1015 3410 supplementa
1034 3348 1092 3388 non
1116 3326 1240 3387 inieiici·

159 3438 205 3486 ter
218 3427 351 3495 tentavit,
365 3427 511 3505 congestis
526 3438 679 3506 comteque
699 3427 861 3507 dispositis,
875 3447 942 3506 quae
955 3446 1085 3506 unquam
1099 3426 1136 3485 de
1151 3424 1239 3483 dien·

160 3523 254 3582 andro
270 3524 306 3582 ab
321 3522 383 3581 aliis
398 3522 513 3593 tradita,
527 3523 557 3581 in
573 3533 703 3601 tempora
718 3523 855 3583 librorum
870 3523 1086 3602 deperditorurn
1101 3522 1239 3581 incidisse

158 3618 279 3699 reperit.
321 3618 380 3677 Sed
409 3629 505 3677 temen
528 3617 599 3677 sulse
620 3619 797 3696 conjecturae
815 3631 909 3690 erant,
929 3639 983 3679 nec
1003 3638 1069 3678 curn
1092 3618 1240 3676 Curtianis

159 3714 287 3774 conferri
316 3734 369 3772 sua
393 3713 456 3791 ipse
485 3712 526 3771 vir
550 3712 763 3773 eruditissimus
793 3714 895 3775 uoluit.
935 3711 1125 3780 Quintianum
1152 3712 1239 3770 etiarn

159 3810 264 3869 Stoam
279 3808 443 3888 supplesse,
457 3828 524 3886 qum
539 3808 620 3867 initio
639 3809 677 3875 Q.
693 3809 786 3867 Curtii
809 3808 927 3880 desunt,
942 3806 1085 3866 Antonius
1105 3805 1241 3865 Posseri·

159 3926 217 3966 nur
233 3916 263 3965 et
276 3906 294 3965 J
298 3905 408 3965 acubus
423 3904 584 3964 Gortonius
599 3904 791 3976 tradiderunt,
801 3904 838 3965 de
848 3905 954 3984 quibus
968 3914 1002 3962 ut
1013 3901 1242 3982 incognitis(ne·

159 4022 220 4081 que
233 4000 323 4059 etiarn
341 3998 564 4077 diligentissimo
578 4000 681 4061 editori
702 3999 841 4061 Micireii
854 3998 979 4059 Teiiierc
995 3999 1059 4059 risa
1073 4001 1154 4072 sunt)
1168 3998 1240 4057 nihii

154 4097 292 4175 judicare
318 4114 484 4175 possumus.
526 4096 572 4155 Ne
586 4115 656 4175 ergo
674 4096 816 4156 tironibus
828 4098 1001 4176 imponatur,
1016 4114 1092 4173 quor
1113 4094 1143 4152 in
1165 4094 1241 4155 Bru·

160 4192 251 4252 nonis
266 4190 477 4270 Suppiemento
492 4192 599 4252 frustra
613 4212 690 4273 saepe
702 4192 844 4271 quaesisse
854 4191 994 4265 novimus,
1005 4210 1072 4271 quse
1082 4190 1241 4271 indagave-
