3000 4875
259 299 346 368 15⁷2
579 309 667 362 cira.
692 307 887 360 sausoure
908 308 1040 360 suren.

257 473 334 533 rant,
349 459 440 522 necin
454 459 576 541 pedibus
590 462 727 540 cuiquam
741 478 810 540 spes
823 459 878 520 sed
891 458 923 518 in
936 455 1053 518 lacertis
1064 456 1132 517 luit.
1159 455 1337 520 ‘Alexander

256 555 364 618 deinde
376 557 487 635 passim
500 557 625 636 peractis
635 556 786 618 sacrificiis
796 555 922 618 maxime
935 553 1017 632 apud
1029 551 1145 632 'frojam
1160 551 1203 612 ad·
1215 553 1341 614 Achillis

254 652 409 726 tumulum,
420 653 450 712 in
464 671 552 731 quem
564 672 657 730 genus
669 672 755 713 suum
764 671 802 712 ex
816 660 950 711 materna
961 650 1040 709 linea
1052 647 1206 719 referebat,
1218 669 1286 708 eum
1301 651 1340 708 ob

253 748 284 806 id
306 747 505 808 felicissimum
528 747 745 808 adolescentem
764 747 942 826 praedicans,
963 743 1044 823 quod
1066 761 1186 803 suarum
1198 744 1342 804 virtutum

253 861 419 923 praeconem
435 843 594 904 Homerum
605 843 776 911 invenisset,
790 842 828 902 ad
842 841 980 900 interiora
995 836 1076 898 Darii
1089 838 1167 917 regis
1182 837 1343 899 Persarum

252 937 415 999 contendit.
457 939 546 998 Hunc
560 938 681 998 Darium
696 936 803 997 Amani
823 935 927 1004 filiurn,
947 934 998 1012 qui
1020 932 1153 994 decimus
1176 943 1301 1011 questus
1321 954 1341 994 a

253 1033 345 1114 Cyro,
360 1034 450 1094 totius
464 1033 582 1094 orientis
597 1033 795 1093 monarchiam
812 1032 943 1098 tenebat,
966 1029 1024 1089 bac
1043 1029 1226 1107 potissimum
1245 1049 1340 1090 causa

225 1201 230 1211 Ι
251 1129 375 1208 aggredi
394 1129 495 1197 voluit,
515 1128 597 1207 quod
619 1147 637 1188 a
659 1137 742 1206 patre
768 1145 824 1187 suo
846 1125 983 1204 Phiiippo
1000 1124 1140 1184 tributum
1153 1125 1335 1204 requisierat.
1486 1150 1491 1203 Ι

251 1224 361 1284 Darius
379 1235 478 1284 autem
499 1225 591 1284 missa
613 1224 693 1302 prius
713 1225 850 1302 superba,
862 1220 1087 1291 contumeliosa,
1101 1231 1188 1299 atque
1198 1221 1336 1299 imperio·

250 1319 368 1380 sissima
388 1318 546 1398 legatione,
569 1339 600 1378 se
624 1337 724 1397 regem
748 1338 861 1397 regum,
875 1336 911 1377 ao
924 1316 1176 1394 consanguineum
1189 1315 1331 1388 Deorum,

252 1412 455 1476 Alexandrum
466 1433 535 1474 vero
546 1412 687 1474 famulum
702 1431 789 1472 suurn
803 1411 969 1491 appellans,
982 1410 1109 1488 satrapis
1119 1409 1182 1470 suis
1196 1410 1228 1469 id
1241 1431 1336 1490 nego·

248 1508 282 1568 tii
308 1508 443 1579 dederat,
463 1517 498 1568 ut
521 1509 716 1568 insanientem
738 1508 827 1568 istum
849 1506 978 1585 Philippi
999 1503 1265 1577 adolescentulum,
1279 1506 1336 1582 (sio
1449 1538 1453 1544 ·

246 1603 326 1662 enim
340 1621 406 1662 eum
420 1622 472 1681 per
485 1613 664 1662 contemtum
680 1602 861 1683 appellabat)
874 1601 1041 1662 uerberibus
1062 1599 1224 1681 puerilibus
1235 1602 1334 1680 gravi·

246 1705 291 1758 ter
312 1717 435 1769 cesum,
457 1696 651 1774 indutumque
664 1707 732 1776 pust
745 1708 828 1757 veste
843 1715 1000 1774 purpurea,
1015 1694 1071 1756 sibi
1085 1695 1216 1754 uinctum
1230 1696 1333 1755 trade·

245 1803 321 1863 rent,
334 1792 515 1869 nauibusque
530 1811 591 1850 una
604 1811 669 1850 cum
684 1793 781 1851 nautis
793 1793 975 1864 summersis,
984 1809 1087 1850 omnes
1101 1789 1166 1868 ejus
1174 1791 1282 1850 milites
1291 1791 1332 1850 ad

244 1886 384 1948 ulteriora
394 1885 482 1947 maris
494 1883 587 1945 Rubri
602 1897 845 1966 transportarent.
877 1889 936 1956 Qui
950 1885 1123 1946 mandatum
1136 1885 1211 1963 regis
1222 1887 1334 1964 exequi

245 1982 389 2054 volentes,
404 1981 442 2041 ad
457 1981 618 2041 Granicum
632 2001 746 2041 amnem
761 1982 824 2061 (qui
838 1982 983 2042 Troadem
997 1999 1016 2040 a
1031 1978 1211 2058 Propontide
1223 1979 1333 2040 dister-

244 2077 350 2153 minat)
372 2095 479 2154 magna
502 2095 600 2148 manu,
618 2075 756 2138 videlicet
777 2078 882 2156 viginti
905 2077 1034 2136 millibus
1054 2075 1198 2156 peditum,
1219 2086 1251 2135 et
1270 2078 1334 2156 pari

244 2173 377 2251 equitum
390 2189 521 2242 numero,
534 2171 749 2243 confluxerunt,
764 2181 795 2231 et
807 2183 985 2252 praeruptam
998 2170 1126 2232 fluminis
1146 2171 1251 2249 ripam,
1273 2191 1333 2250 qna

242 2265 412 2326 Alexandro
438 2265 558 2326 omnino
585 2263 788 2344 trajiciendum
817 2279 892 2339 erat,
911 2267 1095 2327 obsiderunt.
1144 2266 1330 2336 Alexander,

242 2360 358 2422 etiamsi
371 2359 635 2440 prasentissimum
659 2362 822 2439 periculum
839 2363 950 2422 instare
970 2371 1114 2433 cerneret,
1133 2363 1243 2440 quippe
1263 2381 1330 2422 cum

242 2456 303 2518 suis
327 2475 364 2517 ex
386 2456 521 2516 inferiore
545 2466 634 2535 atque
656 2458 785 2518 instabili
807 2458 873 2519 loco
896 2462 972 2535 (erat
989 2458 1148 2517 enimcum
1161 2457 1254 2527 udus,
1267 2470 1330 2518 tum

242 2570 328 2613 oceno
341 2551 483 2625 lubricus)
494 2560 597 2629 utpote
611 2570 648 2611 ex
661 2552 780 2612 flumine
794 2552 937 2611 aduersus
950 2552 1052 2613 hostes
1066 2553 1097 2611 in
1110 2552 1254 2612 eminenti
1268 2554 1331 2633 ripa

239 2654 354 2707 santes
366 2645 567 2705 dimicandum
580 2644 666 2717 iuret,
679 2664 740 2705 sure
755 2655 852 2706 maren
866 2646 994 2705 iortunse
1008 2666 1045 2707 ac
1056 2646 1166 2717 virtuti,
1181 2646 1329 2725 simulque

239 2738 403 2798 fortitudini
418 2738 542 2799 militum
567 2741 707 2812 confisus,
729 2759 844 2800 amnem
867 2740 990 2820 trajecit.
1033 2742 1072 2800 Et
1092 2742 1188 2819 primo
1205 2742 1329 2820 quidem

239 2850 299 2893 non
312 2830 480 2913 spernenda
495 2830 669 2893 difficultate
683 2854 812 2911 pressus,
821 2836 942 2895 tandem
952 2848 1048 2897 tamen
1063 2835 1175 2908 bostes,
1189 2856 1251 2895 non
1266 2848 1328 2897 tam

239 2946 295 2987 sua
308 2936 382 2999 arte,
391 2945 479 3006 quam
492 2926 599 2987 uirtute
614 2926 824 3002 Macedonum,
839 2930 910 2990 vicit
923 2945 1014 3011 atque
1027 2932 1195 3009 prostrauit.
1239 2933 1274 2990 ln
1290 2952 1326 2993 eo

238 3022 378 3084 conflictu
401 3021 556 3084 Persarum
575 3022 677 3102 viginti
700 3025 792 3085 millia
804 3026 947 3104 peditum,
961 3036 992 3086 et
1006 3045 1078 3086 cor..
1092 3027 1217 3106 equites,
1232 3048 1326 3099 caesa,

237 3116 438 3179 Macedonum
450 3138 509 3179 non
523 3120 590 3200 pius
603 3138 729 3179 xxxiv.
740 3120 885 3180 interlecti
897 3134 977 3183 suot.
1014 3122 1059 3182 Ea
1068 3140 1171 3201 pugna
1181 3140 1329 3201 magnum

238 3210 277 3271 ad
292 3231 339 3273 res
352 3213 511 3275 Alexandri
525 3224 704 3276 momentum
719 3216 841 3293 peperit.
883 3216 985 3275 Sardis
998 3219 1087 3290 enini,
1100 3216 1240 3277 maritimi
1253 3219 1327 3276 bar·

237 3304 375 3365 berorum
397 3306 511 3385 imperii
533 3309 798 3387 propugnaculum,
818 3312 916 3388 coepit,
936 3310 1029 3388 iisque
1049 3329 1084 3371 ac
1097 3313 1204 3373 ceteris
1220 3312 1329 3390 Lydia

235 3398 364 3476 populis,
379 3408 412 3457 ut
434 3399 550 3478 legibus
574 3410 725 3462 uterentur
745 3404 817 3477 suis,
837 3404 996 3465 concernit.
1038 3405 1198 3486 Ephesum,
1213 3420 1333 3486 quarto

237 3510 293 3571 pos
320 3510 450 3572 pugnam
464 3494 523 3566 die,
535 3494 637 3575 elapso
651 3496 720 3555 inde
734 3517 796 3576 prae
811 3511 888 3559 metu
903 3497 1052 3577 prasidio,
1063 3502 1227 3579 occupavit.
1272 3503 1335 3563 ln·

236 3588 321 3649 terim
344 3608 380 3649 ex
402 3588 559 3669 Magnesia
582 3601 613 3651 et
631 3590 778 3653 Trallibus
802 3594 892 3672 iegati
906 3606 1060 3667 venerunt,
1074 3595 1188 3656 urbium
1202 3616 1337 3659 suarum

236 3682 417 3745 deditionem
432 3685 616 3765 pollicentes,
630 3688 758 3766 adquae
780 3688 810 3745 in
834 3688 923 3748 fidem
947 3689 1132 3768 recipiendas
1150 3690 1340 3751 Parmenio·

235 3796 302 3838 nem
329 3799 395 3839 curn
410 3779 526 3842 duobus
538 3781 665 3841 millibus
679 3793 711 3841 et
724 3783 894 3862 quingentis
908 3785 1104 3856 mercenariis,
1119 3787 1239 3865 parique
1252 3787 1343 3849 Ma·

234 3872 380 3935 cedonum
394 3893 525 3949 numero,
539 3878 685 3955 equitibus
700 3896 737 3937 ex
752 3878 851 3937 amicis
863 3878 978 3938 circiter
989 3896 1037 3938 cc.
1049 3879 1140 3939 misit.
1182 3880 1346 3947 Miletum

207 3956 214 3971 '
236 3967 343 4028 deinde
355 3970 411 4041 ¹sibi
425 3972 609 4031 resistentem
636 3974 836 4053 oppugnavit:
856 3991 950 4052 eaque
975 3974 1085 4053 potitus
1108 3994 1212 4035 sersus
1237 3976 1349 4039 nali.

235 4076 389 4124 carnarum
404 4066 458 4126 iter
471 4066 642 4143 ingreditur.
683 4068 828 4129 Omnibus
841 4068 1079 4147 interjacentibus
1094 4070 1209 4150 oppidis
1224 4072 1351 4148 primo
