3000 4875
650 266 758 317 ΝΟΜ
781 262 994 317 vanloltlltt.

650 498 999 561 SUPPLEMENTUM.
1034 516 1037 523 ’

280 658 311 720 4.
332 654 512 725 Poenoussr
528 675 596 717 vero
610 660 761 740 cognitum
774 670 830 733 est,
853 661 952 722 Persis
966 658 1091 719 ducatus
1103 658 1201 728 datos,
1216 656 1364 719 Barbaros

278 756 310 815 in
324 756 420 816 varios
433 753 550 813 ordines
563 752 746 827 distributos,
756 767 844 835 atque
863 756 1057 817 Macedonica
1070 754 1104 813 iis
1119 752 1257 833 imposita
1271 755 1367 813 nomi·

278 870 328 924 ne,
342 870 375 911 se
388 869 457 911 sero
470 850 664 929 ignominiose
682 851 802 928 penitus
827 848 949 930 rejectos
967 869 1046 921 esse,
1067 868 1127 909 non
1144 849 1208 927 jam
1235 848 1364 929 emplius

278 957 454 1025 conceptum
468 944 572 1005 animis
586 943 720 1005 dolorem
733 947 860 1027 perferre
883 956 1051 1023 potuerunt.
1092 948 1122 1005 5.
1143 944 1204 1005 Sed
1218 964 1364 1005 concursu

276 1043 307 1103 in
323 1043 433 1121 regiam
446 1041 535 1110 iacto,
549 1040 678 1101 interiori
697 1040 843 1102 duntaxat
854 1052 968 1103 retento
981 1041 1091 1113 tunice,
1101 1058 1181 1100 armo
1195 1050 1265 1101 ante
1273 1041 1363 1119 janu·

276 1159 336 1211 aso,
349 1136 528 1218 poenitentias
541 1135 670 1213 signum,
683 1137 879 1216 projecerunt,
891 1156 927 1197 sc
937 1156 998 1216 prm
1009 1134 1119 1197 foribus
1128 1146 1254 1207 stantes,
1269 1136 1361 1197 intro·

276 1235 352 1293 mitti
365 1252 408 1305 se,
429 1230 543 1310 sibique
565 1230 680 1309 ignosci
700 1232 872 1311 suppliciter
893 1244 981 1310 atque
1001 1232 1106 1291 flentes
1121 1232 1256 1303 orabant,
1270 1242 1363 1310 utque

273 1348 325 1389 rex
339 1328 490 1410 suppliciis
511 1329 573 1389 sois
587 1327 684 1409 potius
699 1337 812 1387 saturet
824 1346 856 1387 se
870 1345 958 1405 qoem
973 1326 1178 1388 contumeliis:
1200 1328 1278 1407 ipsos
1301 1328 1360 1389 nisi

273 1425 360 1485 venia
373 1425 528 1506 impetrata
542 1443 601 1485 non
617 1423 811 1484 discessuros.
854 1422 883 1481 6.
905 1422 980 1491 Qum
994 1441 1061 1483 oum
1076 1420 1245 1481 Alexandro
1260 1422 1359 1482 nunti·

273 1530 323 1580 ata
335 1530 447 1592 essent,
460 1520 570 1598 apertis
585 1519 674 1596 regine
689 1519 800 1577 loribus
812 1515 851 1575 ad
866 1517 946 1596 ipsos
960 1526 1007 1577 est
1020 1534 1169 1595 egressos.
1197 1516 1359 1595 Postquam

271 1632 339 1674 vero
359 1615 489 1693 ipsorum
510 1613 650 1691 ejulatum
674 1622 764 1690 etque
786 1612 997 1692 poenitentiam,
1021 1630 1137 1671 necnon
1159 1610 1360 1673 miserendum

271 1718 360 1788 atquc
374 1707 514 1768 efflictum
527 1706 659 1766 habitum
680 1706 815 1777 vidisset,
838 1705 888 1765 diu
907 1726 1025 1787 quoque
1049 1706 1275 1787 collacrymatus
1297 1718 1358 1769 est.

270 1804 373 1883 anue
388 1801 543 1873 modestia,
557 1812 591 1861 ut
605 1802 678 1881 ipsis
693 1801 870 1881 ignosceret,
883 1803 1084 1863 obtinuerunt.
1127 1804 1157 1862 7.
1179 1802 1230 1861 Eis
1245 1800 1358 1863 dmnde

269 1918 350 1959 nunc
357 1897 490 1959 modeste
497 1899 736 1969 incusetis,nunc
745 1898 1213 1979 comiterappellatis,complures
1221 1896 1302 1957 bello
1311 1899 1359 1957 in-

267 1995 355 2056 utiles
363 1994 573 2064 exauctoravit,
582 1993 928 2073 magnificentissimeque
938 1993 1064 2053 donatos
1074 1992 1193 2053 dimisit
1213 1992 1356 2055 Scribens

268 2110 388 2170 quoque
402 2088 441 2149 ad
454 2089 652 2167 Antipatrum,
666 2087 853 2147 Macedoniae
867 2089 1049 2167 preelectum,
1069 2088 1112 2149 eis
1126 2086 1165 2147 ad
1187 2094 1356 2167 spectanda

266 2184 426 2245 conamine
439 2182 549 2263 priores
563 2182 593 2239 in
608 2181 724 2242 theatro
737 2182 825 2243 sedes
840 2184 994 2263 assignari,
1015 2193 1231 2263 coronatosque
1248 2185 1354 2247 sedere

260 2278 361 2358 jussit.
402 2280 431 2337 8.
453 2277 666 2337 Defunctorum
680 2296 798 2357 quoque
813 2278 920 2340 liberos
941 2278 1070 2359 pupillos
1089 2288 1214 2359 paterna
1236 2292 1355 2342 contra·

296 2508 714 2576 §crearer-merestona]
726 2509 789 2560 Ors-
823 2509 906 2560 Tacit.
918 2522 957 2559 vr.
969 2513 993 2558 Ι.
1005 2512 1028 2558 1.
1048 2507 1157 2560 muers

261 2586 307 2636 nls
314 2587 374 2636 linc
384 2584 418 2635 ed
429 2583 506 2634 duem
517 2597 598 2648 omne
605 2583 699 2646 cepitis
707 2586 787 2634 inser·
846 2581 1115 2646 Cmsutrepresedsre]
1124 2581 1253 2644 tlpsrdpiw
1260 2583 1351 2646 lvd-fi-

264 2667 292 2709 te
302 2667 364 2710 ssnt
373 2659 407 2708 sb
417 2660 468 2707 alio
478 2657 601 2722 quomis,
610 2657 655 2721 qui
669 2658 787 2710 leconsnr
821 2673 846 2707 σι
858 2667 935 2710 voest
945 2657 1039 2709 Strsbo
1050 2671 1091 2722 pr.
1103 2658 1121 2706 l.
1131 2669 1190 2706 xrs.
1200 2657 1353 2709 Peschslius

260 2733 327 2782 senc
348 2734 386 2782 sic
402 2731 536 2796 explerier
553 2731 646 2782 sbssnt
664 2731 699 2782 sb
718 2735 786 2783 snti-
820 2731 1197 2785 compreenderunt
1214 2735 1354 2798 triumphis

260 2805 392 2870 prioribus
412 2804 612 2867 exemplaribus,
626 2812 655 2855 et
671 2807 785 2859 deero.
820 2821 871 2858 non
883 2809 966 2873 ipsum
975 2815 1075 2860 tentum
1087 2809 1153 2871 lurp.
1162 2808 1210 2858 sed
1219 2812 1353 2864 ermilites

261 2881 328 2942 Nos,
337 2879 399 2946 qais
409 2879 524 2929 historie
535 2879 651 2928 nonullsll
660 2879 727 2931 locis
738 2881 785 2932 ed·
820 2893 957 2934 coronatus
968 2883 1057 2935 ιἰιὶιιο.
1073 2885 1149 2934 Iden.

259 2956 336 3019 dunt,
344 2956 511 3021 reliquimus,
522 2955 573 3005 ello
584 2963 669 3006 temen
680 2957 785 3009 merec-
852 2961 866 3022 ς
878 2963 894 3009 8
909 2961 1082 3020 Derrsrtsrsrss
1091 2959 1187 3023 liberes]
1203 2959 1356 3014 Athenien·

259 3038 325 3089 tere.
335 3029 501 3095 nedeloeepe
511 3027 602 3080 isllsst
612 3031 680 3080 rim
690 3031 783 3084 doetus
819 3035 888 3086 sibus
905 3037 947 3086 les
971 3044 1039 3100 ersi,
1058 3043 1088 3086 ut
1104 3035 1178 3086 liberi
1193 3041 1357 3104 eorum,qni

258 3107 336 3158 etlsm
347 3121 395 3170 pru
405 3105 543 3158 Certienls.
559 3105 669 3156 Frsissl.
821 3123 868 3174 pro
887 3112 973 3173 petris
988 3111 1151 3173 cecidissent,
1168 3110 1275 3174 publice
1285 3114 1357 3164 edn-

290 3183 485 3232 Persisdeestrss
501 3180 581 3244 detes]
597 3181 720 3246 Blespnd
731 3184 782 3234 Ts·
819 3193 949 3236 essentnr.
984 3187 1064 3251 cujus
1081 3185 1257 3236 meminerunt
1269 3188 1358 3240 Pluto

254 3256 302 3306 eit.
312 3269 333 3306 r.
342 3261 384 3307 41.
394 3262 420 3305 e.
435 3256 572 3306 reditiosos
586 3256 682 3306 milites
698 3259 781 3310 ‘nihil
818 3269 933 3311 extrem
958 3261 1112 3317 lllenexeuo¹
1128 3259 1296 3324 Thucydides
1317 3278 1357 3315 ss.

255 3343 329 3394 esque
337 3328 596 3394 desitqusmlnridis
605 3331 632 3379 in
640 3333 757 3384 Treviros
765 3336 781 3387 ι’
817 3336 1361 3392 eonesAristidest’snrtneneteo.Qus

253 3417 360 3469 qnorum
380 3403 456 3454 fldem
467 3418 521 3454 so·
532 3402 651 3468 preferri
663 3408 780 3473 indigos-
816 3412 841 3458 ln
852 3425 881 3458 re
892 3410 996 3474 dignum
1008 3412 1090 3461 risum
1107 3425 1166 3475 esp.
1182 3415 1224 3460 66.
1241 3421 1360 3466 centur.

253 3479 359 3530 hatur.
381 3479 458 3530 Ida.
491 3479 543 3529 Pro
570 3480 701 3531 coritanis
723 3484 780 3535 bec
815 3485 1299 3550 2·flubelsir.0ssnerssii‚qnodpene
1312 3499 1361 3544 ιο-

252 3553 343 3604 lsslrnit
354 3553 779 3617 cr.J.1ePertears,esexsne-
814 3569 868 3612 tour
881 3563 1072 3614 exscriberem:
1087 3561 1168 3612 ‘Pro
1185 3565 1287 3615 ceteris
1308 3584 1362 3620 en·

252 3629 323 3681 sunio
338 3629 500 3682 confirmeris
515 3631 542 3681 lo
557 3632 688 3696 Eplst.sd
701 3635 779 3688 cll·
813 3643 865 3688 tem
883 3639 978 3688 Veneti
998 3637 1135 3702 longissimi
1152 3640 1285 3702 temperis
1314 3661 1366 3697 η.

251 3707 447 3773 Veseiasueca
455 3709 778 3775 est80.exflyllogeqnam
812 3719 890 3776 cepte
907 3713 1095 3774 ubserrsdone,
1117 3719 1240 3764 nontam
1265 3724 1366 3782 greti,

251 3783 334 3834 edidit
343 3785 383 3835 cl.
394 3784 428 3834 Α.
438 3785 588 3836 Metthous.
604 3785 681 3836 Μ.
812 3801 888 3851 quesn
907 3787 1026 3838 iilsersles
1046 3794 1074 3837 et
1090 3786 1204 3838 munifici
1222 3789 1265 3839 its
1285 3809 1367 3862 erg.

283 3859 489 3923 §saerata
510 3861 603 3910 tisetre
619 3862 697 3925 sedes]
715 3862 776 3914 Quo
812 3869 979 3927 putrescunt,
996 3870 1025 3912 ut
1041 3863 1162 3912 etlsmin
1180 3865 1289 3918 liberos
1311 3887 1367 3926 ω.

249 3935 370 3999 exemplo
391 3934 540 3998 ‘Augustus
556 3937 634 3986 etisre
649 3940 743 3988 milites
759 3955 776 3988 e
810 3952 865 3990 runs
884 3952 917 3988 es
937 3938 1077 3990 libentius
1103 3947 1285 4007 propagetur,
1310 3954 1369 4016 qur

248 4008 773 4074 plebediscretoshebolt,'spnd8ueton.
809 4016 850 4066 rel
869 4017 896 4066 iss
916 4024 978 4080 seps
996 4015 1037 4066 rel
1052 4029 1116 4080 sego
1134 4017 1225 4081 petri·
1249 4026 1369 4082 utilem

247 4084 289 4132 sl.
309 4085 333 4130 t.
347 4083 462 4148 Scsllper
482 4082 616 4136 Pedites.
637 4091 679 4138 sl.
695 4087 773 4139 Adde
807 4101 912 4155 operam
939 4091 1123 4156 prestiterunt.
1164 4089 1225 4142 Nou
1260 4101 1378 4160 eolum‘
