3000 4875
282 315 369 386 157⁴
439 329 525 378 cna.
549 327 739 378 sunnonis
761 325 891 376 suern.
914 325 952 374 ru
977 329 1013 386 o.
1035 327 1165 378 conrii
1184 328 1223 376 x.
1245 313 1277 374 1.

283 483 398 566 positis,
411 499 448 542 eo
462 499 521 560 quo
533 478 643 540 resedit
655 487 741 560 gestu
755 488 896 559 perpetuo
915 487 1101 547 conservato,
1122 478 1274 538 occubuit.
1315 481 1364 538 ln·

284 597 374 642 censa
386 595 469 658 ppra,
484 578 563 636 tubre
576 575 743 644 insonuere,
755 583 893 651 totusque
904 574 1048 632 exercitus
1058 571 1202 634 clamores
1213 575 1244 634 in
1255 575 1362 636 ooelum

284 673 413 746 sustulit,
424 671 503 732 haud
518 690 604 732 secus
614 681 701 750 atque
715 671 744 730 iu
758 668 867 749 praeliis
880 669 942 728 lieri
952 669 1038 728 solet.
1074 669 1232 749 Elephanti
1245 691 1364 752 quoque

284 768 462 830 horrendum
475 768 695 829 infremuerunt.
738 766 813 826 Hac
820 765 859 824 de
874 765 978 824 Caleni
988 773 1081 824 morte
1092 767 1259 844 gravissimi
1272 770 1364 847 scrip·

286 875 389 928 serunt
411 875 557 934 auctores,
575 863 673 924 invicti
697 862 786 922 animi
799 861 839 921 ad
848 861 988 940 qurelihet
1002 859 1076 920 dura
1089 873 1264 924 constanter
1271 866 1365 945 perle-

285 961 387 1031 rende,
409 959 558 1040 singulare
570 957 746 1038 exemplum.
787 957 860 1017 Post
873 957 937 1017 haic
952 958 1030 1016 Susa
1042 958 1190 1038 proiectus
1206 961 1366 1039 Statyram,

287 1057 426 1138 majorem
440 1056 522 1118 Darii
536 1055 635 1125 filiam,
646 1053 779 1134 legitimo
793 1053 849 1114 sibi
861 1053 1012 1132 copulavit
1025 1054 1219 1123 matrimonio.
1258 1057 1365 1115 iunio·

286 1173 348 1216 rem
366 1153 520 1234 Dryperim
544 1151 747 1230 Hephaestioni
770 1168 891 1211 uxorem
903 1147 998 1209 dedit.
1038 1149 1233 1228 optimatibus
1243 1169 1364 1232 quoque

290 1250 500 1318 Macedonum,
524 1256 612 1327 atque
630 1246 838 1325 insignioribus
851 1245 953 1306 amieis
967 1245 1060 1306 lectas
1074 1265 1112 1306 ex
1121 1247 1256 1307 omuibus
1268 1248 1368 1326 genu·

288 1348 344 1406 bus
363 1345 559 1407 nobilissimas
580 1343 707 1423 virgines
732 1342 846 1403 circiter
860 1361 968 1402 cxxx.
989 1341 1173 1402 matrimonio
1191 1341 1367 1402 collocarit:

289 1463 327 1504 ne
337 1442 419 1504 solus
433 1441 501 1502 nori
515 1440 602 1501 moris
617 1449 718 1500 auctor
731 1439 896 1498 haberetur.
937 1437 1055 1516 Nuptiae
1069 1437 1188 1498 Persico
1199 1457 1280 1498 more
1291 1437 1369 1498 cele·

289 1541 382 1600 bratae
401 1546 480 1599 sunt.
522 1535 654 1616 Reliquis
678 1553 796 1614 quoque
819 1533 1046 1605 Macedonibus,
1062 1537 1114 1614 qui
1134 1533 1248 1596 dudum
1263 1553 1369 1594 uxores

290 1633 445 1703 duxerant,
458 1632 557 1712 regale
569 1631 696 1692 instituit
709 1630 884 1693 convivium.
925 1629 982 1690 Cui
995 1649 1063 1690 cum
1077 1648 1180 1691 norem
1194 1630 1287 1690 millia
1296 1649 1369 1690 con·

292 1729 418 1792 vivarum
431 1729 616 1797 interessent,
630 1745 876 1805 unumquemque,
885 1724 924 1786 ad
937 1725 1107 1805 peragenda
1119 1725 1270 1796 libamina,
1280 1745 1371 1787 aurea

290 1825 390 1906 phiala
413 1824 542 1885 donasse
567 1822 683 1884 dicitur.
723 1821 838 1882 Eodem
860 1833 991 1901 tempore
1014 1841 1101 1882 xxx.
1118 1821 1209 1882 millia
1216 1823 1369 1899 juniorum

291 1919 413 1982 militnm
439 1921 502 2001 pari
524 1939 626 1980 omnes
651 1929 749 1989 etate,
773 1919 829 1978 suh
852 1919 999 1996 praelectis
1019 1917 1169 1978 civitatum
1181 1919 1288 1997 partim
1302 1936 1369 1978 ase

291 2017 487 2087 conditarum,
508 2017 613 2097 partim
636 2016 723 2076 etiarn
745 2014 937 2083 devictarum,
955 2014 993 2072 ad
1007 2015 1107 2074 omnia
1119 2013 1188 2074 belli
1203 2013 1314 2085 munia,
1334 2033 1369 2073 ac

292 2091 488 2174 Macedonica
501 2121 647 2172 armatura
660 2109 851 2189 pulcherrime
865 2109 1000 2170 instructi
1014 2109 1052 2169 ad
1067 2108 1268 2170 Alexandrum
1281 2129 1369 2170 veae·

292 2217 380 2268 runt:
402 2226 476 2286 quos
492 2207 653 2286 Epigonos,
666 2205 696 2264 id
710 2214 768 2277 est,
781 2224 967 2266 successores
981 2205 1151 2284 appellarit.
1193 2205 1307 2265 Horum
1319 2207 1370 2266 ad·

291 2313 382 2362 ventu
396 2301 577 2363 Macedones
592 2300 725 2360 nonnihil
738 2301 904 2361 contristari
918 2301 971 2361 visi
985 2311 1065 2362 sunt.
1107 2301 1184 2360 Cum
1204 2285 1283 2360 enim
1304 2302 1369 2361 nta-

293 2397 421 2461 cedones
446 2397 583 2459 diuturna
605 2396 709 2457 militia
732 2396 857 2477 fatigati,
872 2397 932 2477 regi
945 2398 973 2457 in
989 2397 1180 2458 concionibus
1194 2416 1276 2477 sepe
1289 2397 1371 2457 oblo-

293 2506 460 2575 querentur,
480 2494 518 2555 ed
542 2494 786 2574 compescendam
801 2513 901 2554 eorum
921 2493 1067 2553 licentiam
1082 2493 1137 2554 hos
1150 2494 1206 2554 sihi
1219 2512 1371 2573 compara-

293 2602 376 2653 verat
394 2590 511 2661 milites,
531 2610 606 2670 quos
628 2592 715 2651 etiarn
740 2590 873 2650 maximis
894 2590 1008 2649 ornavit
1021 2589 1182 2649 beneflciis.
1223 2590 1372 2671 Harpalus

294 2697 404 2762 autem,
422 2689 469 2749 cui
491 2708 541 2748 rex
562 2686 733 2768 Babyloniae
756 2687 957 2747 thesaurorum
971 2696 1060 2764 atque
1072 2684 1260 2765 vectigalium
1273 2705 1374 2747 curam

295 2781 535 2851 demandaverat,
554 2803 621 2843 cum
644 2784 806 2843 audivisset
829 2782 986 2842 Alexandri
1006 2782 1112 2843 uirtute
1126 2781 1268 2842 ludorum
1288 2802 1373 2862 reges

296 2876 405 2957 maJore
418 2898 456 2939 ex
468 2888 551 2957 parte
565 2878 754 2956 perdomitos,
775 2890 805 2939 et
818 2879 895 2940 felici
910 2898 1004 2939 rerum
1018 2879 1148 2939 omnium
1158 2898 1300 2940 successa
1310 2880 1374 2959 jam

294 2974 323 3035 ai
336 2984 445 3036 cuncta
461 2984 572 3055 petere,
591 2974 785 3037 arbitrabatur
798 2975 997 3038 Alexandrum
1017 2976 1157 3037 ulteriora
1172 2975 1375 3055 cognoscendi

295 3082 326 3132 et
349 3071 451 3153 gloriae
475 3072 620 3152 augendae
643 3073 875 3154 cupidissimum,
889 3073 969 3133 haud
982 3073 1068 3133 facile
1079 3091 1115 3132 eo
1128 3073 1187 3133 loci
1200 3073 1375 3134 rediturum.

297 3167 417 3231 Deliciis
441 3169 539 3249 itaque
560 3180 648 3248 atque
663 3170 744 3230 luxui
759 3169 887 3242 deditus,
903 3172 961 3229 vim
975 3169 1123 3230 nobilibus
1136 3178 1225 3248 atque
1240 3170 1377 3249 ingenuis

295 3266 423 3330 faminis
444 3266 582 3337 inferens,
606 3286 691 3327 omne
712 3266 840 3326 libidinis
864 3286 959 3345 genus
973 3266 1114 3326 exercuit.
1154 3264 1271 3326 Vocato
1286 3266 1378 3326 etiam

298 3360 336 3421 ad
358 3380 391 3421 se
414 3363 451 3420 ab
472 3362 595 3421 Athenis
609 3362 717 3441 insigni
731 3374 839 3435 scorto,
853 3364 901 3423 cui
916 3363 1057 3422 Potonice
1070 3380 1176 3421 nomen
1192 3371 1266 3434 erat,
1281 3362 1380 3422 eidem

296 3466 356 3515 non
379 3456 473 3515 solum
497 3455 603 3516 viventi
625 3458 750 3517 maxima
764 3469 794 3518 et
807 3458 1019 3537 regiadonsrit
1032 3476 1163 3529 munera,
1176 3458 1381 3519 verumetiam

296 3560 515 3631 postmortem,
538 3562 757 3612 monumentum
781 3554 999 3615 celeberrimum
1024 3554 1144 3632 triginta
1159 3551 1281 3613 talentis
1304 3554 1336 3613 in
1350 3553 1382 3614 id

296 3648 412 3709 collatis
427 3648 537 3709 exstrui
553 3648 655 3708 voluit.
697 3649 754 3709 His
774 3660 805 3709 et
824 3651 966 3710 similibus
985 3650 1159 3730 turpissimis
1173 3650 1384 3728 voluptatibus

296 3765 404 3826 magna
418 3744 550 3825 pecunia
565 3765 677 3805 summa
691 3746 846 3817 exhausta,
860 3766 926 3806 curu
939 3746 1119 3825 percepisset
1131 3744 1337 3806 Alexandrum
1347 3768 1386 3806 ex

297 3843 384 3903 lndia
396 3844 564 3904 redeuutem
579 3844 608 3903 in
624 3844 730 3903 multos
745 3842 900 3920 praefectos
914 3844 953 3903 ob
972 3842 1097 3901 scelesta
1117 3841 1249 3919 ipsorum
1262 3843 1295 3901 in
1312 3844 1387 3903 sub·

297 3940 377 4002 ditos
389 3940 521 4001 facinora
540 3938 665 4011 deletos,
679 3935 806 4018 graviter
827 3938 1085 3999 animadvertisse:
1107 3937 1214 3995 timens
1227 3945 1314 4015 (quae
1331 3959 1389 3999 sna

297 4048 361 4096 erat
372 4036 563 4110 conscientia)
571 4054 607 4095 ne
619 4049 649 4095 et
658 4038 712 4096 sibi
723 4038 781 4097 tale
789 4036 936 4116 quippiam
947 4034 1141 4111 contingeret,
1151 4031 1289 4091 collectis
1301 4036 1391 4114 quiu-
1487 4023 1488 4050 ³

300 4148 356 4207 que
370 4132 498 4192 millibus
511 4130 640 4205 talentis,
652 4152 717 4192 cunr
730 4154 782 4193 sex
794 4133 920 4192 millibus
932 4126 1177 4191 mercenariorum
1187 4126 1349 4192 celerrime
1359 4132 1389 4191 in
