3000 4875
259 340 345 409 loos
561 356 782 407 osrsnoous
806 356 1046 407 suaseroauss

302 509 453 571 statem
494 508 553 571 liic
565 526 633 571 cum
649 510 706 571 sub
719 507 889 571 Alexandro
901 527 950 569 res
964 518 1088 589 gereret,
1109 504 1176 588 ejus
1189 508 1278 578 etiarn
1291 510 1356 572 bis·

258 604 362 664 teriam
386 604 493 667 dicitur
511 605 734 687 conscripsisse.
774 604 912 666 Meminit
935 605 1050 666 Crateri
1071 604 1154 665 Prot.
1168 605 1200 665 in
1224 605 1356 667 Aristide

258 716 326 781 cap.
341 704 392 762 51.
405 701 487 764 baud
507 701 597 763 dubie
620 698 658 763 ex
677 700 760 764 libris
783 703 847 781 ejus
868 705 931 781 περὶ
952 703 1148 784 ψηφισμάτων,
1173 714 1207 763 nt
1227 702 1357 764 citantur

257 797 414 879 Stephano
438 798 477 859 de
499 799 639 862 Urbibus.
660 800 710 881 qui
732 798 869 881 quamvis
890 798 980 860 etiam
1004 798 1135 860 Macedo
1156 798 1258 873 luent,
1281 798 1356 859 alius

259 903 360 958 tamen
371 914 439 957 esse
451 905 550 977 potest
570 906 714 971 anosno,
738 916 826 976 quem
840 896 975 956 maximis
992 894 1131 957 laudibus
1144 897 1264 956 ornarit
1277 896 1357 975 apud

259 990 383 1054 Suidam
406 992 564 1055 Eumenes.
605 992 667 1055 Res
692 1002 793 1053 autam
814 991 900 1054 Alex.
923 992 1024 1071 attigit
1041 993 1130 1053 etiam
1153 992 1185 1052 iu
1204 988 1356 1072 episn'nd

259 1098 383 1153 metm
397 1088 620 1169 Aristopatram,
633 1090 718 1169 cujus
734 1088 867 1151 meminit
879 1089 987 1150 Strabo
1001 1088 1051 1149 lib.
1067 1108 1126 1150 xv.

302 1186 507 1249 Drss'susulssss.¹
524 1186 622 1267 Hujus
636 1185 739 1247 ludios
752 1186 827 1247 citat
840 1184 1004 1246 Atbenraus
1019 1202 1071 1245 rx.
1089 1187 1137 1245 ll.
1151 1186 1261 1245 Strabo
1274 1206 1357 1246 rnen·

260 1280 450 1343 decissimum
462 1282 643 1363 scriptorem
658 1280 789 1363 appellat
801 1282 852 1343 lib.
868 1300 907 1342 rr.
929 1282 981 1343 ubi
1004 1280 1078 1341 dicit
1090 1281 1214 1341 missum
1228 1282 1267 1342 ad
1284 1280 1356 1341 Alli-

259 1376 423 1439 trocbaden
451 1376 569 1451 ludum,
596 1397 715 1442 suarum
739 1378 1009 1460 peregrinationum
1031 1377 1270 1438 Commentarios
1292 1375 1357 1439 reli·

259 1492 375 1555 quisse.

303 1572 473 1651 Dexippus.
516 1572 599 1631 Citut
617 1572 697 1632 bunc
711 1569 867 1632 Cedrenus
893 1571 924 1631 in
945 1570 1140 1632 Historiarum
1160 1569 1358 1651 compendio.

261 1664 333 1745 Ejus
361 1666 540 1748 Excerptum
569 1676 615 1728 est
647 1667 727 1747 apud
754 1668 915 1729 Eusebium
946 1669 978 1728 in
1007 1666 1103 1747 primo
1130 1666 1357 1730 chronicorum.

261 1760 379 1822 vixisse
401 1762 582 1843 temporibus
609 1762 728 1823 Galloni
750 1774 783 1823 et
803 1783 888 1844 seqq.
904 1764 978 1845 lmp.
994 1763 1173 1845 Henippen,
1200 1762 1253 1841 qui
1281 1770 1359 1821 tem·

261 1875 364 1945 porum
378 1857 515 1919 historias
528 1860 692 1933 contexuit,
705 1860 801 1921 virum
813 1860 845 1919 iu
858 1859 1027 1921 liberalibus
1040 1858 1202 1941 disciplinis
1216 1868 1248 1918 et
1261 1858 1360 1918 facul·

261 1962 323 2013 tate
336 1952 436 2035 logice
446 1956 691 2029 uersatissimum,
706 1956 860 2035 Eunapius
873 1956 904 2016 in
918 1956 977 2017 line
991 1955 1145 2037 Porphyrii
1156 1954 1291 2015 tradidit.

301 2052 513 2114 ¹Diteerrrolsass.
553 2052 611 2115 liic
634 2052 750 2114 videtur
770 2051 934 2113 Alexandri
958 2072 1005 2115 res
1027 2052 1163 2133 attigisse
1180 2052 1212 2111 in
1225 2052 1310 2113 libris
1320 2050 1360 2112 de

262 2148 333 2209 Vita
346 2148 530 2223 Groeeorum,
552 2150 604 2230 qui
616 2148 746 2212 citantur
769 2148 917 2210 Athenaeo
930 2164 1013 2210 xrrr.
1037 2152 1064 2210 l.
1106 2150 1175 2209 Fuit
1195 2158 1297 2210 autem
1324 2166 1362 2209 ex

263 2242 404 2312 Messana
430 2245 559 2319 Siculus,
580 2246 749 2306 Aristotelis
776 2245 904 2320 auditor,
921 2255 955 2306 ut
979 2245 1089 2307 suidas
1102 2244 1232 2306 tradidit.
1276 2244 1363 2306 citat

262 2358 331 2403 sum
345 2339 522 2420 saepiuscule
535 2340 650 2401 Plinius
664 2342 694 2401 in
709 2341 792 2403 libris
807 2343 953 2424 prioribus
967 2362 1006 2403 ex
1020 2341 1213 2404 Geometrids
1227 2340 1366 2421 scriptis,

262 2455 331 2498 aum
348 2455 388 2498 ea
400 2435 506 2508 lauder
526 2439 619 2500 luisse
632 2439 725 2501 virum
737 2439 897 2513 eruditum,
909 2451 940 2502 et
953 2439 1070 2520 Regum
1079 2459 1152 2500 cura
1165 2448 1282 2499 montes
1294 2459 1365 2520 per·

262 2553 408 2596 mensum.
449 2535 560 2596 Locum
573 2556 610 2598 ex
623 2537 718 2616 primo
732 2537 798 2616 ejus
811 2537 887 2598 libro
905 2537 995 2598 refert
1007 2537 1167 2598 Africanus
1185 2537 1218 2595 in
1237 2535 1362 2616 Sylloge

263 2629 381 2711 Regum
395 2633 599 2713 AEgyptiorum
614 2651 731 2696 annexa
744 2653 763 2694 a
776 2632 930 2713 Scaligero
941 2633 1063 2695 editioni
1079 2634 1266 2694 Eusebianre.

306 2727 372 2790 Dio
388 2729 614 2806 Clsrysortontsrs
624 2732 783 2805 Prusiesss,
796 2732 873 2792 inter
884 2731 953 2804 alia,
966 2729 1005 2792 de
1011 2729 1181 2791 Alexandri
1195 2727 1363 2791 Virtutibus

263 2819 354 2881 libros
368 2831 437 2886 octo
449 2823 605 2904 scripsisse
619 2826 729 2889 dicitur
743 2826 823 2908 apud
837 2825 971 2889 Suidam.
1013 2826 1103 2890 Plura
1125 2827 1166 2888 de
1184 2843 1223 2888 eo
1235 2824 1361 2888 Photins

264 2915 295 2976 in
310 2914 506 2982 Bibliotheca.
954 2967 957 2973 ,

306 3013 465 3078 Diodorus
478 3015 609 3080 Siculus.

307 3111 462 3177 Diodotus
473 3113 656 3195 Erytlsraesss
678 3114 889 3196 premeridea
910 3113 1072 3176 Alexandri
1086 3115 1217 3195 scripsit,
1230 3122 1266 3175 nt
1279 3113 1361 3176 colli·

268 3207 349 3286 gitur
361 3229 398 3270 ex
413 3211 560 3272 Atlienoeo
576 3231 611 3273 x.
626 3213 656 3272 9.
1083 3277 1091 3286 ,

306 3305 461 3384 Diogenes
473 3308 674 3386 Babylonius.
696 3309 786 3369 Hunc
800 3308 839 3368 de
851 3307 1023 3370 Alexandro
1037 3307 1191 3388 scripsisse
1198 3305 1314 3367 clarum
1322 3323 1359 3366 es

266 3397 392 3466 Quintil.
409 3419 432 3460 r.
450 3405 477 3462 1.
492 3405 521 3462 8.
537 3413 568 3462 et
582 3403 736 3466 clemente
745 3403 949 3466 Alexandrino
962 3404 1016 3466 lib.
1031 3425 1056 3465 r.
1076 3407 1271 3465 stromatum.
1313 3403 1360 3474 Ut,

265 3493 316 3574 qui
328 3494 475 3574 Antipatri
488 3506 700 3576 preceptorem
721 3501 814 3562 luisse
825 3502 940 3575 solunt,
953 3498 993 3560 da
1008 3499 1128 3580 juniore
1145 3498 1306 3579 Antipatro
1317 3498 1361 3557 in·

265 3589 399 3670 telligere
412 3611 534 3655 necesse
545 3592 688 3658 babeant.

308 3688 482 3770 Diognetus
494 3709 562 3752 cnm
576 3689 700 3753 baetone
713 3691 904 3771 conjungitur
916 3691 997 3772 apud
1010 3690 1140 3752 Plinium
1154 3708 1202 3750 vr.
1221 3692 1269 3749 17.

310 3785 522 3865 Dionysiana
544 3784 740 3866 Philadelpho
765 3787 875 3849 missus
896 3788 927 3848 in
950 3785 1078 3860 indiam,
1103 3795 1138 3847 nt
1156 3784 1238 3847 Plin.
1252 3803 1299 3846 vr.
1315 3785 1363 3844 l‘l.

266 3881 1214 3964 tradit,cumregibnsIndicismoratus,sires‘quoquegenuum
1224 3879 1363 3962 prodidit.
1498 3908 1499 3933 r

268 3976 358 4045 Quod
380 3988 458 4040 certe
477 3980 538 4040 lieri
559 3998 619 4040 nou
642 3981 751 4061 potuit,
774 3980 838 4042 sine
857 3980 1009 4061 precipua
1022 3977 1194 4051 Alexandri,
1209 3993 1365 4054 rerumque
1499 4017 1500 4034 .

267 4071 302 4130 iia
318 4072 391 4132 locis
405 4075 443 4135 ab
457 4093 493 4136 eo
507 4087 668 4155 gestarum,
681 4077 845 4139 mentione.

310 4167 465 4230 Diotiasus
479 4172 682 4234 Atheniensis.
726 4174 815 4234 Hunc
836 4173 925 4235 etiam
952 4175 1027 4234 inter
1052 4172 1212 4252 scriptores
1232 4166 1368 4232 historiae
1499 4243 1500 4250 ἵ
