3000 4875
283 343 368 410 1564
613 359 701 410 oua.
725 358 915 409 enuuours
938 359 1069 411 suern.

281 528 347 571 curn
363 508 475 590 grande
487 509 580 572 ullum
600 529 636 573 ac
656 510 772 591 insigne
785 512 900 572 lacinus
913 524 1062 574 ostentare
1074 511 1145 572 milri
1159 511 1202 574 sit
1214 512 1372 594 reliquum.

281 607 350 666 Non
363 607 441 666 enirn
453 608 550 686 ipsum
565 607 627 667 ulls
639 607 853 683 illecebrarum,
873 622 926 670 eut
947 610 1092 688 pecuniae,
1105 608 1160 670 sed
1174 609 1242 670 sole
1256 611 1372 673 virtum

282 721 317 764 ec
330 701 432 782 gloriae
445 702 554 784 cupido
574 705 714 765 tenebat:
734 723 852 785 quoque
872 704 999 784 majores
1013 725 1033 766 s
1044 717 1129 786 petre
1142 705 1305 767 facultates
1320 727 1374 767 ac·

279 797 401 880 ciperet,
420 818 456 860 eo
475 819 508 860 sc
529 801 643 861 minora
665 819 767 880 gerere
787 819 877 880 posse
890 802 1087 862 existimabat.
1128 803 1278 872 Quocirca
1290 822 1374 864 cres·

280 906 366 956 cente
379 895 510 956 dominio
524 895 659 976 gerendis
678 897 829 976 preclaris
843 898 931 958 rebus
946 897 1099 958 materiem
1112 915 1224 977 magne
1237 919 1276 958 ex
1287 910 1373 980 parte

278 991 454 1053 esbauetum
468 993 503 1053 iri
517 1003 609 1064 ratus,
623 1011 683 1054 nnn
697 1011 782 1073 opes,
797 1013 857 1055 non
871 993 1042 1054 deliciarum
1055 1013 1140 1066 usus,
1160 1013 1262 1056 rernm
1276 1007 1373 1057 certe·

282 1089 404 1149 mineat
425 1107 541 1169 pugnas
561 1089 694 1162 ardebat,
714 1100 747 1150 et
766 1089 962 1170 principatum
981 1090 1062 1150 unda
1083 1091 1140 1151 sibi
1161 1092 1199 1150 ob
1222 1091 1373 1164 virtutem,

281 1184 415 1264 gloriam,
429 1187 615 1267 nominisque
629 1185 970 1264 immortalitatemque
988 1205 1058 1265 spes
1078 1205 1135 1247 nec
1156 1187 1371 1259 Alexandrum,

281 1299 335 1340 nec
349 1301 516 1361 quenquam
530 1283 618 1343 alium
632 1285 753 1354 bonum,
766 1300 898 1362 unquam
910 1281 1028 1357 fefellit)
1040 1295 1232 1363 compareret,
1244 1282 1371 1345 affecta-

280 1378 341 1436 bet.
382 1376 579 1444 Quamobrem
593 1378 685 1460 ipsius
699 1395 771 1438 cure
784 1378 985 1457 compluribus
994 1379 1051 1455 (uti
1063 1397 1118 1459 per
1131 1384 1206 1452 erat)
1219 1379 1373 1439 nutritori·

279 1471 347 1546 bne,
367 1475 551 1555 paedagogis,
572 1495 607 1536 ac
630 1474 858 1556 preceptoribus
878 1482 927 1533 est
938 1473 1131 1536 demandata.
1173 1475 1313 1556 inprimis
1326 1487 1372 1538 te·

280 1589 348 1630 men
362 1571 523 1643 Aristoteli,
543 1591 580 1631 ex
593 1569 678 1650 cnjus
692 1568 850 1650 discipline
864 1569 968 1630 decem
981 1570 1072 1630 ferme
1093 1571 1180 1632 aunis
1195 1571 1371 1634 informatus

280 1676 335 1724 est.
377 1665 489 1726 Eodem
504 1666 564 1726 lere
577 1677 707 1746 tempore
720 1665 878 1747 Philippus
893 1667 1027 1746 Delphos
1047 1665 1138 1739 misit,
1158 1667 1318 1728 consulens
1332 1667 1371 1729 de

279 1779 460 1834 successore,
484 1781 715 1843 responsumque
739 1757 800 1821 tale
824 1764 978 1842 accepisse
1001 1764 1119 1823 ierunt:
1142 1763 1172 1822 Ie
1185 1762 1306 1823 demum
1318 1773 1370 1823 tuo

277 1855 408 1936 imperio,
432 1859 570 1938 omnique
593 1859 662 1919 orbe
685 1859 821 1940 potietur,
839 1878 1053 1939 quemcumque
1067 1859 1257 1939 Bucephalus
1270 1877 1370 1920 seam*

278 1973 338 2014 rem
358 1972 465 2033 pessus
487 1954 584 2015 inerit.
625 1953 697 2016 Erat
716 1967 816 2016 eutem
833 1955 1032 2036 Bucephalus,
1055 1973 1149 2034 equus
1169 1957 1264 2037 iprme
1284 1975 1370 2037 epec-

278 2049 387 2124 tabilis,
408 2061 497 2130 etque
518 2049 726 2123 ferocissimus,
739 2069 829 2130 quem
849 2049 1023 2111 Pbilonicus
1043 2049 1206 2112 Thessalus
1230 2049 1370 2132 Philippo

280 2167 362 2208 xtrr.
377 2147 496 2207 talentis
509 2158 629 2208 emeret.
671 2147 760 2208 Hunc
773 2145 826 2206 diu
840 2144 995 2228 Philippus
1012 2148 1068 2207 snb
1089 2145 1227 2207 claustris
1248 2147 1370 2228 praeier-

277 2244 348 2303 ratis
362 2243 504 2302 asservari
513 2242 619 2321 jussit:
642 2243 752 2303 mansit
764 2252 863 2303 temen
877 2242 920 2302 ite
934 2244 1024 2316 ierus,
1038 2252 1074 2303 ut
1085 2242 1173 2322 plane
1186 2241 1368 2309 nulluseum

277 2355 315 2396 ne
329 2345 450 2417 tangere
464 2337 583 2417 quidem
597 2355 689 2400 ausus
704 2338 811 2399 luerit:
831 2358 893 2418 qua
914 2359 946 2400 re
966 2339 1078 2400 iactum
1091 2349 1148 2412 est,
1168 2348 1202 2398 ut
1215 2358 1284 2399 eum
1298 2338 1370 2398 Pbi·

276 2432 374 2514 lippus
389 2437 530 2495 mmoreri
552 2447 642 2514 atque
662 2434 750 2515 abjici
771 2435 903 2515 jusserit.
943 2435 1112 2497 Alexander
1126 2454 1196 2496 sero
1209 2455 1279 2496 cnm
1293 2433 1367 2496 ione

276 2528 406 2604 adesset,
422 2530 560 2604 Qualem,
581 2532 686 2612 inquit,
708 2532 758 2593 isti
776 2550 885 2611 equum
898 2531 1036 2611 perdunt,
1051 2530 1123 2592 dum
1136 2550 1173 2592 eo
1186 2550 1239 2611 per
1253 2531 1372 2612 imperi·

276 2628 347 2688 tiam
361 2646 396 2688 ec
411 2627 561 2691 mollitiem
575 2628 618 2689 uti
632 2630 786 2689 nesciunt!
826 2628 963 2706 Cumque
982 2627 1056 2688 nire
1069 2638 1143 2700 erte,
1162 2626 1227 2687 sine
1240 2626 1370 2687 serberi-

275 2725 342 2795 bus,
364 2734 523 2785 tractasset
544 2744 663 2803 equum,
688 2725 809 2785 tandem
831 2742 1028 2785 conscensum
1040 2723 1080 2783 sd
1094 2742 1214 2785 cursum
1228 2721 1370 2784 admisis-

275 2830 332 2889 set,
352 2832 414 2877 tum
428 2819 560 2879 calcibus
576 2838 647 2880 usus
662 2831 718 2894 est,
739 2840 775 2881 ec
788 2820 916 2883 molliter
930 2819 1014 2881 flexis
1027 2819 1162 2892 babenis,
1176 2838 1244 2879 cum
1258 2839 1369 2899 equum

274 2912 450 2985 reduxisset,
474 2912 683 2976 descendentis
707 2928 799 2996 caput
823 2914 1012 2977 exosculatus
1030 2925 1125 2995 peter,
1141 2916 1258 2976 emissis
1272 2916 1370 2996 lacry-

274 3010 349 3073 mis:
371 3010 470 3083 Aliud,
484 3010 589 3091 inquit,
603 3030 621 3072 o
635 3010 687 3083 iili,
705 3013 758 3073 tibi
775 3031 829 3092 per
850 3031 975 3093 regnum
987 3030 1097 3092 quaere,
1113 3010 1237 3091 quando
1257 3022 1288 3071 te
1303 3012 1370 3090 jam

274 3106 454 3168 Macedonia
465 3126 525 3168 non
539 3108 628 3189 capit.
669 3108 826 3188 Prteeegiit
844 3108 887 3169 vir
907 3106 1038 3187 prudens
1056 3116 1117 3168 tem
1129 3106 1260 3169 excelsae
1273 3106 1369 3169 indoli

274 3221 333 3263 non
360 3203 549 3265 suffecturam
577 3216 728 3286 paternam
754 3204 908 3266 ditionem.
962 3202 1101 3264 Posthac
1127 3201 1284 3283 Phiiippus
1312 3202 1372 3265 toti

272 3298 397 3360 orecte
419 3300 528 3360 bellum
552 3302 659 3363 inlerre
678 3300 790 3374 statuit,
811 3300 849 3361 ed
873 3299 955 3381 quod
976 3298 1214 3380 percommodum
1227 3312 1327 3375 retus,
1341 3300 1369 3360 si

273 3394 445 3472 Byzantium
465 3396 592 3455 nobilem
607 3410 638 3457 et
650 3398 824 3459 maritimam
837 3398 940 3458 urbem
954 3398 984 3457 in
997 3406 1174 3475 potestatem
1188 3394 1374 3477 redegisset,

273 3488 398 3549 eandem
424 3490 477 3549 sibi
503 3491 688 3553 resistentem
710 3493 864 3555 obsidione
885 3492 988 3564 cinxit,
1008 3491 1110 3551 relicto
1124 3490 1205 3551 domi
1219 3491 1261 3553 ed
1283 3493 1373 3573 regni

271 3602 371 3647 curem
394 3584 455 3645 illio
477 3585 658 3661 Alexandro,
672 3598 734 3648 tum
751 3609 825 3650 xrs.
838 3608 933 3649 annos
947 3597 1029 3647 nato.
1071 3586 1147 3646 llaec
1161 3588 1232 3646 nrbs
1249 3606 1270 3647 e
1285 3588 1371 3649 Pau-

270 3684 354 3745 sania
368 3682 579 3762 Spartanorum
593 3701 663 3763 rege
676 3684 807 3757 condite,
820 3704 839 3745 a
853 3684 1052 3746 Constantino
1064 3682 1255 3762 postmodum
1269 3683 1373 3763 gloria

270 3781 434 3861 opibusque
448 3790 537 3840 aucte
550 3792 639 3859 etque
652 3792 802 3854 rennuere,
815 3790 847 3843 et
858 3800 877 3842 a
888 3780 1006 3841 nomine
1016 3798 1072 3839 suo
1083 3779 1374 3860 Constantinopolis

270 3878 360 3948 dicte,
381 3876 496 3937 circiter
511 3894 613 3937 ucxe.
629 3895 723 3937 annos
742 3875 930 3939 sacratissimi
954 3874 1068 3954 Imperii
1090 3873 1190 3947 sedes,
1210 3876 1376 3957 totiusque

271 3972 400 4032 Orientis
414 3982 505 4050 caput
518 3972 584 4033 luit.
627 3973 714 4035 Nunc
728 3986 827 4035 temen
849 3972 935 4052 (prob
951 3970 1037 4031 dolor
1044 3972 1066 4045 l)
1087 3968 1260 4033 fenenne
1274 3984 1375 4053 atque

270 4066 447 4146 impiissimae
460 4066 620 4129 'l'urcerum
634 4070 731 4148 gentle
746 4070 866 4149 imperio
880 4068 1024 4147 subjacet.
1067 4064 1128 4125 Sed
1146 4064 1234 4125 utad
1251 4066 1377 4149 Philip·
1486 4127 1487 4138 ,

269 4178 340 4243 pum
354 4162 482 4223 redeam.
525 4162 683 4229 Exhaustis
706 4167 735 4225 in
757 4165 911 4234 obsidione
925 4166 1043 4245 opibus,
1053 4162 1207 4243 piraticam
1222 4166 1379 4245 aggredit}
