3000 4875
279 279 365 348 159⁰
607 291 695 346 ona.
719 294 901 348 caussari
926 295 1055 350 suern.

498 545 834 630 CHRISTOPH.
879 551 1144 632 GELLARII

463 729 801 792 supensunuuuu
822 729 867 790 ru
888 730 967 794 urs.
985 731 1025 792 x.
1048 730 1141 793 cur.
1165 734 1196 792 1.

309 909 348 962 Ns
357 911 455 964 Gracia
465 911 570 978 miden]
588 913 653 966 Quas
664 913 713 963 boe
722 911 782 962 loco
793 925 876 977 usque
887 908 921 960 ad
933 924 991 976 cap.
1000 914 1027 963 2.
1044 910 1150 976 dmunt,
1159 909 1197 961 lta
1208 885 1369 986 qudam

277 991 311 1045 do
323 1009 356 1046 ss
368 994 485 1047 Diodoro
495 994 540 1046 lib.
552 1008 622 1044 xvir.
636 997 690 1043 1⁰8.
702 992 820 1058 suppleri
832 999 952 1058 possunt.

318 1091 365 1153 Ne
379 1091 497 1153 Graecia
509 1085 630 1175 quidem
645 1091 825 1152 inconcussa
846 1088 975 1151 tumultu
990 1087 1057 1151 luit.
1099 1086 1176 1150 Cum
1191 1088 1271 1150 enim
1286 1089 1369 1175 ΑΙιει·ι

276 1189 370 1252 ander
387 1210 424 1250 ex
446 1187 532 1248 India
547 1208 680 1250 reversus
702 1187 872 1269 praefectos,
886 1187 938 1268 qui
959 1186 1116 1269 desperato
1130 1187 1194 1268 ejus
1213 1187 1311 1248 reditu
1323 1208 1368 1248 sn·

274 1289 366 1366 perire
386 1287 575 1368 imperarant,
595 1285 727 1346 severius
750 1282 911 1366 punisset·
929 1286 1021 1346 ceteri
1050 1304 1180 1366 quoque,
1208 1284 1368 1371 provincias

274 1382 345 1444 lium
360 1392 525 1445 metuentes
536 1383 769 1456 accusationem,
782 1401 840 1463 ope
855 1383 1100 1444 mercenariorum
1115 1382 1254 1455 militum,
1266 1380 1366 1464 quibus

274 1491 433 1562 praeerant,
446 1491 477 1542 et
488 1473 580 1562 fuga·
600 1481 656 1541 sibi
670 1479 993 1559 salutemquasrebant.
1036 1474 1188 1561 Harpalus
1199 1479 1365 1561 Bahylonia
1474 1484 1475 1487 ’

275 1588 345 1658 post
359 1577 465 1638 Mazaei
485 1587 609 1638 mortem
623 1578 804 1660 prefectus,⁶
818 1597 886 1639 cum
900 1575 1051 1638 luxuriose
1066 1575 1212 1648 vixisset,⁴
1226 1577 1309 1638 renis
1318 1574 1366 1635 de-

275 1683 405 1752 sperata,
415 1693 448 1732 v.
463 1675 593 1734 millibus
609 1673 775 1736 talentum·
788 1675 931 1754 correptis
941 1694 1009 1735 curu
1019 1692 1068 1734 rs.
1081 1673 1209 1733 millibus
1221 1691 1364 1745 mercena-

274 1769 383 1830 riorum
397 1770 427 1830 in
443 1769 592 1831 Graeciam
606 1772 744 1853 profugit,
756 1773 864 1851 quibus
883 1782 1083 1853 persuaserat,
1097 1792 1130 1832 se
1143 1770 1270 1851 pecrmia
1282 1769 1365 1830 effec-

274 1876 384 1942 torum,
406 1879 439 1930 ut
453 1867 678 1930 Atheniensium
697 1869 802 1930 civitas
825 1869 968 1931 adversus
990 1889 1090 1950 regem
1109 1887 1191 1930 arma
1212 1869 1317 1950 capiat,
1334 1876 1365 1925 et

273 1982 460 2027 communem
469 1983 592 2028 causam
604 1976 730 2028 tueatur.

306 2127 319 2158 ⁸
334 2122 467 2182 Patefactus
480 2124 583 2173 mesu
592 2123 710 2188 parurn]
729 2124 805 2174 Cart·
837 2124 887 2173 reis
895 2120 1016 2187 sputo-r
1029 2121 1075 2182 τὴν
1087 2120 1199 2186 φλιὴν
1213 2116 1364 2179 remeat·

274 2207 305 2248 x.
316 2199 339 2244 l.
351 2199 377 2247 8.
389 2197 468 2246 Diod.
479 2211 549 2248 xvrx.
561 2203 618 2249 1⁰6.
836 2217 885 2250 m.
919 2199 1366 2266 stemmawetieslimasto·

304 2269 703 2340 boarummn'mssersm]
721 2272 802 2324 Diod.
837 2275 1046 2341 diaproepositus.
1234 2313 1240 2322 .
1474 2324 1475 2339 ,

272 2361 297 2398 o.
309 2347 329 2398 l.
868 2352 1032 2404 ‘Lutarius
1049 2350 1161 2416 sinisset]
1177 2350 1290 2404 Diodes.
1307 2364 1331 2400 c.
1345 2348 1366 2397 l.
1474 2342 1475 2415 ζ

303 2421 472 2490 ‘Babylonia
488 2423 627 2491 pressum]
647 2426 803 2478 Plutarchus
837 2425 983 2481 Athenaeus
995 2441 1060 2479 xrrs.
1071 2431 1097 2478 o.
1107 2431 1133 2479 7.

271 2504 420 2567 potioris
428 2501 509 2567 χόρυ
517 2502 669 2565 hausturus.
693 2503 805 2556 Diodor.
869 2512 881 2540 ²
896 2505 924 2558 V.
935 2504 1040 2557 suillibus
1048 2504 1177 2571 matu]
1188 2502 1358 2557 Diodor.c.l.

272 2594 333 2647 otp.
345 2585 401 2635 loe.
431 2582 473 2633 Ἔν
485 2584 610 2639 motem
625 2582 747 2647 θησανρόν
763 2580 805 2631 scal

312 2778 410 2857 Hujus
434 2780 601 2859 argumenti
622 2778 760 2841 videntur
777 2781 882 2853 inisse,
900 2802 969 2861 quse
989 2780 1129 2843 hocloco
1150 2778 1364 2846 desiderantur.

271 2874 503 2956 christophorus
517 2876 618 2937 Bruno
628 2876 780 2959 praemittit
794 2878 900 2937 Coluni
911 2878 1059 2959 Sophistoe
1071 2877 1166 2941 Indici
1180 2889 1322 2940 mortem:
1336 2885 1366 2935 et

269 2974 400 3057 nuptias,
414 2974 521 3054 quibus
536 2975 675 3036 Statiram
690 2974 775 3036 Darii
785 2976 876 3037 tiliam
887 2976 943 3037 sibi
957 2975 1128 3037 Alexander
1136 2976 1257 3056 junxit:
1278 2971 1366 3036 etiam
1474 3053 1475 3060 ἵ

269 3070 397 3134 ducibus
412 3072 473 3133 suis
487 3071 686 3133 nobilissimas
701 3091 835 3154 quasque
850 3072 996 3154 virginum
1010 3072 1210 3135 Persicorum.
1253 3065 1369 3133 DeCa·
1474 3121 1475 3152 ,

268 3168 330 3229 lani
340 3190 465 3230 excessu
476 3170 516 3230 ad
531 3188 609 3232 vrrr.
625 3172 656 3232 9.
671 3173 720 3231 ³2.
735 3172 923 3232 notavimus:
942 3170 1062 3252 nuptias
1077 3166 1276 3253 ipseCurtius
1289 3192 1324 3232 x.
1338 3172 1367 3230 3.
1474 3159 1475 3228 i

271 3266 319 3326 12.
338 3266 448 3344 attigit.
490 3266 591 3327 Credo
613 3278 771 3347 utrumque
786 3269 933 3341 Curtium,
947 3278 980 3328 ut
999 3267 1076 3329 solet
1092 3268 1122 3327 in
1143 3267 1271 3343 ultimis,
1286 3266 1366 3329 lesti-

268 3360 388 3421 natione
402 3362 646 3440 praetermisisse:
667 3375 746 3426 certe
763 3366 962 3427 connexiones
983 3366 1072 3446 hujus
1090 3366 1149 3427 loci
1163 3376 1305 3427 neutrum
1326 3364 1367 3425 le·

269 3466 347 3531 runt,
369 3476 466 3537 neque
483 3456 600 3520 addidit
624 3457 662 3520 de
683 3459 719 3520 iis
739 3461 771 3521 in
792 3462 1010 3545 supplementis
1032 3462 1265 3524 Freinshemius.
1308 3461 1368 3532 Qui

267 3573 335 3615 vcro
364 3553 584 3616 memorabilem
614 3556 720 3617 Caleni
747 3560 857 3620 exitum
885 3562 950 3621 vult
976 3562 1142 3621 accuratius
1169 3578 1365 3640 cognoscere,

268 3653 426 3735 scriptores
447 3652 595 3726 consulat,
619 3674 695 3733 quos
712 3675 740 3719 c.
761 3656 781 3717 l.
796 3656 993 3730 laudavimus,
1014 3677 1052 3717 ex
1072 3658 1180 3737 qulbus
1194 3656 1257 3722 hoc
1271 3657 1370 3719 solnm

265 3749 394 3831 adjicere
409 3752 503 3812 visum
517 3762 573 3823 est,
588 3752 669 3831 quod
684 3752 713 3812 in
727 3773 832 3834 rogum
846 3755 1013 3816 ascendens
1025 3754 1196 3816 Alexandro
1207 3754 1370 3817 imminen-

265 3860 323 3913 tem
345 3860 468 3909 mortem
487 3848 665 3930 predixerit.
707 3850 783 3912 Cum
803 3852 882 3912 enim
904 3872 956 3912 rex
974 3871 1042 3913 eum
1060 3861 1188 3932 rogaret,
1201 3863 1238 3912 ut
1252 3850 1370 3934 siquid
1474 3865 1475 3872 ’

265 3944 365 4019 vellet,
380 3944 512 4007 diceret:
535 3946 697 4027 ‘Optima'
716 3949 823 4031 inquit,
840 3950 1032 4033 ‘propediem
1052 3959 1081 4011 te
1103 3948 1261 4030 Babylone
1284 3952 1370 4012 vide·

265 4040 323 4101 bo:
365 4041 443 4119 Lege
456 4042 629 4105 Ciceronem
645 4058 675 4106 et
690 4044 900 4107 Plutarchum:
922 4046 961 4109 de
975 4046 1086 4127 nuptiis
1100 4045 1229 4107 eundem
1245 4046 1373 4111 Plutar-

264 4136 352 4199 chum
366 4147 397 4197 ct
411 4138 575 4203 Diodorum
589 4160 680 4202 xvir.
700 4144 767 4203 107.
