3000 4875
499 340 550 388 su
574 341 607 401 Q.
629 338 759 388 concur
786 337 857 388 urs.
877 339 904 388 r.
1152 323 1236 392 turs

157 489 331 572 procederet
346 489 507 568 Byzantina
520 489 646 563 obsidio,
657 489 879 550 Atheniensium
888 489 1008 548 clusse‘¹
1027 488 1156 548 obsessis
1166 505 1237 568 sup·

157 588 254 666 petias
268 587 397 652 ferentes
419 585 571 664 Philippus
586 585 647 646 filio
668 605 740 646 usus
759 585 798 644 sd
816 583 982 664 subigendo
993 584 1170 644 Chersonesi
1183 603 1237 664 op-

158 683 252 762 pide.e
286 681 367 744 idem
382 700 448 742 oum
462 701 498 742 ex
512 682 618 743 Getico
631 682 709 742 bello
723 681 814 742 redux
831 701 882 762 per
894 680 1038 740 Triballos
1051 680 1107 740 iter
1118 679 1239 751 faceret,

158 791 189 841 et
200 778 300 838 Grssci
314 778 502 838 mercenarii‘
520 778 625 840 milites
639 779 748 859 prcedae
763 779 933 839 societatem
947 776 1140 856 postularent,
1151 777 1238 836 elter-

159 876 277 936 cutioue
289 875 319 934 iu
333 893 461 955 pugnem
477 885 657 954 erumpente,
666 874 728 955 ipse
742 893 793 935 rex
807 893 885 954 equo
897 874 1051 934 interiecto
1060 871 1239 943 vulneretur,

159 991 246 1052 quern
263 971 367 1051 clypeo
381 971 546 1032 Alexander
562 972 710 1052 jacentem
731 971 816 1044 texit,
838 969 1008 1030 irruentium
1030 967 1104 1028 elios
1117 967 1236 1038 occidit,

161 1067 235 1127 alios
250 1068 337 1127 ermis
350 1067 467 1145 longius
481 1066 549 1128 iude
564 1066 757 1148 propulsavit.
796 1067 865 1128 Jam
885 1076 986 1125 tentus
1006 1073 1140 1126 evaserat
1153 1063 1241 1123 Alex·

161 1162 264 1234 nuder,
274 1173 307 1222 ut
317 1163 380 1222 sine
391 1175 503 1224 rectore
512 1175 562 1223 eut
570 1163 699 1224 'custode
710 1163 848 1223 exercitui
862 1180 951 1242 posse
964 1160 1072 1240 praetici
1083 1159 1239 1230 rideretur,

161 1279 250 1340 quum
264 1259 302 1320 de
316 1277 348 1320 se
360 1258 525 1337 opinionem
540 1259 568 1318 in
586 1258 723 1338 Illyrios‘
743 1260 852 1318 missus
866 1257 994 1317 victoriis
1008 1255 1200 1315 confirmarit.

165 1473 168 1476 .
193 1418 400 1472 ‘Atheniensium
418 1421 503 1485 rimie]
534 1421 620 1470 Etism
639 1418 684 1468 elil
718 1424 747 1466 st
766 1417 890 1467 Trihsllos
909 1431 1019 1480 pugnsru
1039 1422 1156 1465 exortam
1176 1427 1242 1476 esse,

161 1493 354 1546 Atheniensium
366 1499 510 1562 exemplum
526 1497 606 1548 secuti
617 1502 685 1556 suut,
719 1491 787 1556 quod
799 1491 835 1553 hi,
846 1491 894 1541 nisi
911 1492 1005 1556 praedre
1021 1490 1164 1556 portionem
1175 1488 1242 1538 scci-

161 1570 219 1624 Coi,
234 1570 301 1634 Chii,
320 1572 419 1633 Rhodii,
438 1581 466 1622 et
486 1572 684 1637 quibuscumque
720 1577 822 1633 pereat,
833 1574 967 1618 trsusttmn
979 1576 1126 1632 negassent.

162 1645 278 1710 Philippi
289 1647 572 1712 invalescenspoteutis
582 1663 684 1712 suspec·
751 1645 812 1694 ¹1rs
828 1645 938 1710 illyrios]
958 1644 1031 1693 Hunc
1049 1643 1181 1706 Illyricum
1198 1656 1243 1691 ex·

162 1726 189 1770 ts
201 1728 268 1771 eret.
284 1723 327 1772 Its
337 1724 442 1775 Diodes.
452 1725 531 1775 Sicul.
542 1739 602 1775 rvr.
612 1729 653 1775 78.
720 1719 877 1784 peditionem
893 1736 967 1771 nemo
983 1719 1107 1784 prodidit·
1116 1717 1183 1783 (1¹¹⁰d
1198 1732 1243 1766 ¹¹⁰·

195 1805 207 1831 ⁸
224 1797 466 1866 ctenmsspptm]
479 1800 686 1852 instiunscitata
720 1796 879 1847 btscuusren
897 1796 1240 1847 curtiusreruvrrt.t.eau·

163 1872 230 1922 loco.
721 1876 930 1925 demsumrnatim
940 1876 1038 1938 repetit
1047 1875 1094 1923 suh
1104 1873 1243 1923 Alexandri
1267 1854 1275 1875 ⁸

196 1946 303 1998 'Greci
313 1950 460 2013 memneris]
476 1951 519 2002 Sic
535 1951 591 2014 ipse
607 1950 686 2001 Alex·
722 1963 831 2014 persons
842 1952 956 2014 Philippi
969 1965 1010 2000 res
1027 1957 1112 2013 gestas
1124 1951 1243 2000 ohtereu·

164 2023 245 2073 suder
255 2023 323 2088 spud
332 2026 454 2076 Nostrurn
463 2040 524 2076 ιιιιι.
534 2032 557 2077 l.
565 2032 606 2077 24.
615 2041 687 2076 cusr-
723 2027 765 2082 tis.
775 2041 834 2077 snss
844 2027 1002 2076 extollentis.

165 2107 222 2149 rat:
238 2099 355 2151 tustinus
366 2114 405 2151 rx.
416 2105 441 2151 t.
454 2102 523 2152 luter
532 2101 687 2152 Macedones

416 2277 468 2337 Vl.
492 2279 651 2359 oppressio
665 2278 812 2339 libertatis
827 2279 1006 2339 Groecmrn.

166 2388 354 2449 Purutsrus
376 2390 508 2451 artibus·
528 2399 705 2451 consecutus
730 2402 785 2465 est,
804 2401 835 2451 ut
847 2391 964 2451 Grecis
978 2390 1124 2452 servitutis
1141 2387 1246 2468 jugum

166 2486 322 2565 acciperet.
364 2486 447 2547 Ultro
461 2486 538 2547 euim
551 2488 667 2567 quietos
685 2488 840 2560 lacessere,
862 2489 937 2547 iuter
950 2486 1165 2547 concordantes
1178 2484 1249 2543 odia

166 2582 321 2655 iustruere,
329 2581 534 2643 dissidentium
540 2584 618 2644 rixas
632 2584 721 2655 alere,
732 2584 775 2643 its
787 2584 956 2643 ulterutram
970 2591 1083 2661 purtem
1090 2581 1203 2658 juvere,
1214 2590 1249 2639 ut

166 2688 321 2757 utrumque
334 2679 518 2759 opprimeret,
534 2679 662 2739 solennis
680 2678 721 2737 illi
734 2678 916 2738 cousuetudo
931 2678 995 2739 fuit.
1036 2675 1129 2736 Peuci
1147 2693 1249 2755 exper-

166 2785 212 2835 tes
234 2776 297 2855 ejus
316 2774 521 2848 dominationis
538 2786 631 2845 erent,
652 2794 726 2854 quos
743 2773 948 2835 Demosthenis
963 2771 1153 2853 eloquentieb
1173 2770 1202 2831 in
1215 2769 1251 2830 li·

165 2872 281 2933 bertste
302 2874 497 2932 sustentabat.
539 2871 600 2931 Sed
619 2881 650 2931 et
668 2872 771 2932 horum
790 2871 909 2930 taudem
927 2869 965 2929 ud
979 2855 1172 2930 Choeroueem
1186 2868 1248 2928 vic·

167 2978 237 3039 tor,e
257 2966 343 3029 l'acils
367 2968 493 3028 obtinuit
520 2967 686 3047 Philippus,
713 2978 745 3027 ut
765 2968 922 3046 imperator
941 2960 1088 3025 Grecis*
1108 2964 1248 3023 adversus

168 3062 276 3125 Perses
291 3075 450 3125 crearetur.

201 3218 213 3244 ¹
229 3206 340 3271 Artilss]
351 3209 420 3272 Lege
430 3208 559 3259 tustinum
572 3221 634 3258 rrrr.
647 3213 670 3257 l.
726 3206 855 3270 ingenium
867 3204 988 3267 temnit,
1000 3202 1186 3267 expressitque.
1207 3203 1251 3251 De

201 3284 213 3317 δ
230 3285 396 3334 Demosthenis
404 3282 546 3347 eloquentie]
564 3284 594 3333 ln
606 3282 692 3333 couci·
726 3279 880 3343 Philippicis
890 3286 976 3329 autern
985 3277 1181 3328 Demostheuels
1189 3276 1252 3326 nihil
1330 3336 1336 3341 1

168 3361 205 3409 lio
223 3360 371 3409 Boeotorum
388 3358 515 3409 'l'lssbsuls
528 3360 582 3421 jsm
600 3359 693 3422 dubiis,
726 3358 822 3407 attinet
840 3355 936 3415 dicere,
953 3368 1012 3405 oum
1030 3352 1168 3402 notissime
1189 3352 1252 3413 siut,

168 3437 244 3500 cujus
255 3443 341 3498 partes
353 3442 531 3499 sequerentur,
540 3442 629 3483 contre
641 3433 694 3497 Py·
727 3431 855 3495 hodieque
871 3428 1005 3479 doctorum
1021 3426 1138 3478 msuihus
1150 3427 1252 3477 volvan-

168 3513 275 3562 tlrouem
295 3511 459 3574 Byzantium,
476 3508 612 3559 fscrruduut
632 3508 693 3559 Phl·
729 3513 781 3556 tur.

168 3587 235 3652 lippl
253 3593 391 3649 erutorum,
406 3584 534 3651 persuasit
548 3584 694 3634 lihsrtstsm
760 3581 829 3631 ‘Ad
852 3580 1003 3630 Cheruscos
1029 3576 1117 3640 sister]
1149 3576 1253 3627 Diodes.

170 3662 294 3715 tuendum
310 3676 377 3723 esre,
391 3667 419 3712 et
435 3660 584 3724 Philippum
595 3660 694 3709 hostem
728 3656 781 3707 Sic.
791 3670 851 3707 xrs.
862 3660 904 3705 81.
915 3660 957 3704 89.

164 3735 344 3803 judicandum.
376 3734 419 3784 Its
427 3733 537 3785 Diodes.
546 3734 625 3785 sicul.
636 3745 695 3783 xrs.
761 3730 774 3765 ‘¹
789 3732 919 3793 imperuim
930 3725 1045 3789 Grecis]
1065 3724 1166 3775 Ibidem
1177 3739 1200 3776 c.
1211 3728 1253 3776 92.

169 3818 211 3865 86.
227 3812 368 3878 Utrlusque
379 3810 521 3861 cretionem
529 3808 696 3861 Freinshemii

409 3993 477 4055 VII.
499 3988 665 4053 Alenusdri
675 3996 704 4049 et
715 3985 857 4065 Philippi
869 3982 1034 4044 cosmas.

170 4108 329 4170 Bsuurcrs
339 4108 426 4169 rebus
435 4100 788 4187 plerumqueAlexsuder,
797 4097 885 4159 etiam
894 4094 932 4156 nd
941 4094 1133 4155 Choeroucam
1143 4088 1254 4170 proelio,
