3000 4875
340 785 617 876 RECENSUS
651 794 912 876 CODICUM
946 798 1067 878 MSS.

505 1044 551 1126 Q.
574 1045 745 1114 cunm
768 1045 890 1114 RUFI

223 1287 290 1342 0111
305 1291 348 1343 IN
365 1291 625 1348 nmmomcls
642 1295 885 1350 nnlnnnnlcm
904 1295 1175 1352 adamannum.

440 1761 565 1830 colea
577 1761 612 1828 in
627 1761 739 1831 Maean
754 1763 956 1833 Britanniae.

189 1936 233 2006 In
261 1935 410 2026 Bibliollr.
427 1935 510 2028 neg.
532 1939 576 2006 17
600 1925 671 2004 Fr.
707 1938 835 2020 Quinte
857 1940 963 2010 Curae
979 1943 1063 2032 Rus.
1077 1943 1151 2013 Dee
1167 1943 1251 2013 Faia

144 2038 389 2122 d'Alexandre,
404 2043 437 2110 9.
456 2038 533 2108 Lib.
553 2060 638 2108 avae
662 2041 860 2110 Peinctnres
885 2045 1003 2112 balles.
1045 2045 1250 2114 'translates

143 2145 364 2231 parvasque
378 2146 421 2211 de
440 2146 578 2212 Laeene
601 2147 826 2230 Portngnleis.
859 2147 1076 2236 Escriptpar
1099 2149 1136 2215 la
1158 2147 1251 2215 main

144 2245 187 2336 de
201 2246 307 2338 Iehan
322 2249 367 2314 du
385 2248 528 2328 Chesne,
546 2246 681 2316 dIdlle.

187 2348 233 2415 15
248 2350 281 2417 D
299 2368 351 2416 1v.
382 2350 511 2432 Quinta
531 2349 638 2417 Curso
653 2350 767 2430 Rniie,
783 2350 858 2417 Des
874 2352 958 2420 Faia
971 2354 1019 2421 dn
1031 2360 1129 2443 grant
1139 2351 1250 2423 Alex·

142 2452 258 2535 andra,
273 2457 337 2522 &a
382 2454 479 2521 Idem
492 2462 532 2521 nt
547 2474 662 2541 supra,
677 2473 761 2523 saee.
777 2471 846 2521 κν.

185 2556 230 2623 20
252 2556 358 2624 cnr.
381 2556 487 2624 Idem.
509 2558 555 2624 A.
570 2557 669 2624 1468.

188 2658 231 2726 In
247 2656 404 2726 Bibliollr.
422 2658 521 2725 Harl.
544 2660 591 2725 N.
606 2660 706 2727 2727.
730 2657 883 2740 Quintus
902 2659 1037 2752 Curiins
1063 2659 1108 2729 de
1128 2658 1249 2729 Rebus

142 2762 265 2831 Gestis
280 2762 466 2829 Alexandri
479 2762 610 2847 Magni.
633 2761 722 2829 Saea.
739 2778 806 2828 xv.

187 2864 235 2931 N.
249 2866 346 2931 2767.
370 2864 490 2946 Quinti
505 2866 612 2935 Curtii
626 2863 669 2931 de
683 2867 785 2931 rebus
799 2862 918 2932 Gestis
932 2864 1118 2933 Alexandri
1133 2865 1250 2953 Magni

144 2968 240 3034 Libri
257 2984 297 3033 x.
333 2968 413 3034 Duo
429 2969 556 3053 priores
571 2968 813 3033 desiderantur.
847 2968 937 3035 Saec.
954 2985 1022 3036 XV.

188 3069 236 3139 N.
250 3071 349 3137 4842.
372 3071 458 3139 Gnd.
485 3073 666 3139 membran.
692 3070 834 3138 illumin.
857 3071 964 3137 nitide
984 3070 1144 3154 scriptus,
1166 3089 1250 3137 saee.

147 3190 216 3244 xv.
261 3174 333 3242 Sub
348 3174 469 3244 finem:
503 3174 596 3241 ‘Per
611 3194 663 3242 rne
680 3170 900 3243 Francisemn
914 3169 1098 3239 caballum
1114 3168 1251 3240 Monta·

142 3279 348 3347 fortunatum
362 3276 417 3347 bie
433 3277 520 3344 liber
534 3275 680 3343 feliciter
695 3280 750 3341 est
763 3274 966 3359 complains,
980 3269 1089 3344 1464’

187 3380 311 3450 Codex
328 3376 454 3448 Catten-
475 3378 587 3461 Titus,
604 3378 650 3448 D.
667 3393 740 3446 xx.
763 3376 1028 3458 contineantur
1052 3374 1132 3455 alia,
1156 3373 1250 3463 (Art.

140 3480 216 3563 27.)
237 3482 425 3554 Alexandri
442 3480 558 3567 Magni
574 3479 693 3561 Gesta,
716 3500 762 3553 ex
786 3478 919 3560 Quinto
941 3479 1072 3551 cirtio.
1115 3478 1249 3551 Partim

142 3587 328 3652 membran.
344 3586 468 3669 partim
483 3586 629 3651 chartae.
645 3602 725 3649 saec.
743 3600 827 3647 xm.

186 3687 227 3752 ln
242 3686 352 3753 Gatal.
370 3686 455 3753 Mas.
471 3686 675 3771 Indeseript.
698 3686 734 3751 in
749 3684 874 3752 Museo
889 3685 1018 3752 Britan.
1033 3688 1250 3749 conservate-

139 3809 227 3867 rnm‚
243 3789 309 3854 vel.
325 3805 351 3853 1.
373 3809 408 3874 p.
421 3788 498 3855 346.
533 3787 680 3869 Quintus
703 3786 853 3854 Curtius.
885 3785 1058 3853 Annotaia
1072 3784 1115 3850 de
1130 3783 1250 3850 Rebas

141 3890 333 3958 Alexandri
350 3889 478 3975 Magni.

187 3994 278 4059 lnler
295 3991 442 4059 Godieas
457 3990 670 4072 Barraienor,
698 3990 744 4058 N.
765 3991 842 4058 168.
868 3990 947 4055 eod.
970 3989 1042 4057 Ms.
1056 3990 1244 4055 membran.

137 4095 258 4163 collat.
281 4096 324 4161 ad
339 4096 482 4181 paginas
497 4094 656 4161 editionis
682 4094 788 4162 Henr.
804 4090 1037 4177 snakenburg,
1060 4108 1139 4178 qnae
1164 4090 1248 4159 Del-

138 4199 219 4285 phis
232 4205 267 4265 et
290 4196 396 4282 nuga.
411 4199 491 4266 Bet.
506 4199 596 4265 edita
610 4196 772 4265 est1724.
