3000 4875
285 281 371 348 1566
602 295 690 344 cun.
713 295 907 344 nuuunrus
930 295 1059 346 onero.

286 465 409 526 nurgum
430 445 501 508 inde
520 455 604 525 peter
618 456 722 506 contra
744 445 944 507 Alexandrum
965 447 1068 508 rtricto
1088 465 1157 506 eum
1178 449 1266 528 petiit
1287 451 1370 524 leno,

284 545 361 604 ictuc
382 555 491 614 mmen,
512 541 703 604 inclinatione
722 544 853 622 corporic
874 545 912 602 ab
930 542 1100 603 Alexandro
1118 545 1259 618 evitatur,
1279 547 1371 608 inania
1489 574 1490 579 ¹

285 641 405 702 excidit.
454 639 537 699 'lunc
561 637 730 700 Alexander
757 639 898 699 conviciir
925 649 1039 719 patrem
1066 638 1200 712 adortue,
1224 656 1371 723 receptam

285 735 492 818 Olympiadem
514 745 636 796 matrem
659 755 760 796 recum
780 735 811 794 in
830 734 951 814 Epirum
963 733 1058 794 duxit.
1101 735 1177 796 Eum
1189 747 1292 799 tamen
1305 740 1372 801 Plri-

283 834 391 915 lippue,
401 833 576 912 exprobrata
589 831 646 892 ribi
659 849 677 890 a
691 831 853 892 Demamto
862 830 1017 890 Corinthio
1030 831 1087 892 hac
1099 851 1202 893 eorum
1212 834 1370 907 dircoffln,

283 931 373 1011 paulo
396 941 466 1014 port
488 927 588 989 multia
610 927 747 1008 precibnr
766 947 847 1007 ogre
867 929 1026 989 revocarit.
1068 929 1150 990 luter
1167 930 1235 994 lraeo
1254 936 1371 1014 nuptiae

284 1027 451 1107 Cleopatrra
475 1025 543 1086 lilim
567 1035 599 1085 et
624 1022 785 1084 Alexandri
811 1023 911 1084 iratrir
933 1023 1131 1104 Olympiadis,
1158 1047 1257 1106 quem,
1284 1031 1372 1109 pulso
1489 1080 1490 1095 ,

284 1124 399 1194 Ariobr,
419 1141 518 1202 regern
542 1121 623 1202 Epiri
644 1119 765 1193 lecerat,
786 1119 941 1199 Philippos
964 1119 1107 1183 celebrat.
1148 1123 1219 1184 Dies
1239 1139 1304 1186 erat
1317 1145 1371 1206 pro
1489 1124 1490 1127 ’

284 1217 500 1297 magnificentia
512 1215 636 1277 duorum
651 1235 765 1295 regum,
785 1228 817 1276 et
831 1216 1006 1278 collocantio
1019 1214 1121 1290 liliam,
1135 1233 1167 1280 ct
1179 1239 1300 1281 uxorem
1313 1223 1371 1282 dn·

283 1317 387 1386 centia,
401 1312 537 1392 inriguis.
578 1311 638 1373 Sed
653 1331 708 1372 nce
723 1312 859 1373 lndorurn
873 1313 1029 1374 celebriter
1051 1312 1164 1390 deerat,
1186 1316 1226 1376 ad
1245 1337 1369 1398 quorum

283 1409 484 1490 spectaculum
505 1408 662 1489 Philippur
684 1427 752 1470 cunr
775 1410 839 1469 cine
861 1408 1036 1470 custodibus
1057 1411 1172 1472 medior
1195 1414 1273 1474 inter
1295 1415 1369 1475 duos

283 1505 477 1577 Alexandrou,
493 1506 585 1564 filium
608 1507 819 1586 generumque,
831 1505 1015 1584 procederet,
1028 1505 1192 1569 Pnucaoinr
1207 1511 1316 1571 nobilio
1336 1531 1369 1570 ex

282 1601 506 1672 Macedonibus,
527 1601 635 1660 nemini
648 1611 806 1681 culpentur
820 1599 1006 1676 adoiceoene,
1026 1617 1203 1683 occupatum
1225 1609 1367 1686 angnatiio

281 1697 448 1778 Philippum
470 1699 499 1756 in
525 1697 650 1756 transitu
675 1696 873 1768 obtruncavit,
893 1696 1030 1778 diemque
1054 1699 1166 1762 letitie
1188 1702 1367 1763 dentiuatutn
1489 1764 1490 1769 ,

281 1794 390 1855 loedum
405 1793 486 1854 luctu
500 1792 611 1852 funeris
627 1793 707 1856 lecit.
750 1793 809 1853 Hic
822 1812 895 1872 puer
907 1811 1041 1875 rtnprum
1052 1797 1251 1877 perinjurium
1261 1819 1368 1877 persua

281 1894 318 1950 ab
333 1890 434 1950 Attalo
449 1890 554 1960 luerat,
575 1889 713 1968 quicum
737 1890 826 1950 ctiam
850 1903 965 1970 porten,
985 1902 1127 1972 tanquam
1148 1895 1204 1954 vile
1225 1908 1367 1968 scortum,

281 2085 404 2144 multum
415 2081 533 2163 quidem
548 2101 584 2140 ex
598 2082 640 2141 rei
654 2082 834 2160 turpitudine
845 2089 901 2143 eat
912 2096 1022 2157 motur,
1035 2083 1090 2146 ced
1105 2086 1208 2146 Attalo
1227 2089 1268 2146 ob
1290 2109 1369 2168 mog·

280 2199 349 2240 narn
363 2177 601 2246 familiaritatem,
621 2186 652 2237 et
666 2177 745 2256 quod
759 2179 824 2257 ejuc
837 2197 928 2258 opera
940 2190 1012 2240 tuno
1036 2193 1177 2252 uteretur,
1197 2193 1232 2242 nt
1252 2196 1371 2244 noceret

280 2275 378 2335 induci
391 2272 472 2332 houd
487 2271 591 2352 potuit.
627 2271 697 2333 Erat
710 2275 799 2334 etium
814 2274 933 2336 Attalus
945 2277 984 2335 ob
995 2277 1194 2356 Cleopatram,
1207 2281 1337 2356 proxime
1351 2299 1370 2338 e

279 2389 348 2451 rege
362 2371 392 2430 in
407 2367 621 2428 matrimonium
635 2379 801 2449 acceptum,
820 2371 986 2432 aretimima
1004 2372 1031 2432 ei
1044 2371 1168 2452 junctae
1181 2377 1371 2454 cognatione,
1489 2380 1490 2393 ¹

279 2468 489 2548 copiarumque
510 2464 539 2524 in
561 2466 663 2526 Arium
687 2468 905 2546 promiscuarum
930 2468 993 2529 dux
1015 2469 1111 2529 luerat
1123 2469 1269 2544 delectur,
1283 2473 1326 2532 eir
1339 2475 1371 2533 in

278 2569 366 2628 rebuc
379 2564 492 2626 bellicio
505 2564 632 2643 egregie
644 2562 834 2625 fortitudinia.
864 2564 979 2625 idcirco
988 2584 1041 2625 rex
1053 2568 1152 2645 potina
1161 2579 1196 2627 ut
1208 2567 1372 2629 Panaenioe

278 2665 407 2723 animum
416 2660 582 2742 juxtiarirno
596 2659 698 2721 dolore
711 2660 863 2720 incensum
878 2660 1020 2722 mulceret
1038 2672 1087 2723 eet
1108 2674 1255 2725 conatae:
1275 2665 1374 2727 datic-

277 2778 336 2837 que
351 2758 377 2816 ei
389 2756 503 2834 moguir
517 2756 697 2828 muneribus,
718 2756 785 2817 loco
805 2757 926 2837 inruper
947 2758 1119 2833 honertiori,
1138 2759 1216 2819 inter
1237 2767 1374 2843 corporic

278 2854 323 2913 cni
338 2849 487 2921 custodes,
502 2848 669 2911 honorarit.
705 2850 765 2911 Sed
780 2852 831 2912 ille
843 2852 1020 2933 implacabili
1034 2854 1143 2915 mene
1156 2856 1211 2929 ira,
1225 2856 1373 2931 decrerit,

277 2968 337 3009 non
348 2957 462 3009 tontum
476 2944 514 3006 de
526 2964 573 3019 eo,
587 2946 638 3025 qui
651 2946 706 3007 sibi
720 2946 855 3027 injuriam
877 2948 1038 3023 intnlixret,
1058 2950 1111 3011 aed
1138 2963 1170 3012 et
1187 2954 1240 3031 qui
1262 2955 1377 3016 ulciaci

276 3046 388 3107 illatam
402 3042 554 3115 noluisset,
574 3062 840 3132 ponampumcre,
860 3045 942 3124 quod
955 3046 1079 3118 etfacit,
1099 3058 1134 3109 ut
1154 3047 1298 3112 diximux.
1345 3054 1377 3112 la

277 3142 431 3222 Philippus
445 3140 500 3201 etei
512 3139 592 3199 omni
607 3140 666 3201 lere
681 3149 813 3220 tempore
827 3140 954 3221 negotiir
972 3142 1042 3203 belli
1062 3144 1252 3224 victoriisque
1279 3148 1378 3211 affec·

276 3252 323 3299 tur
337 3238 539 3314 exercitusque
550 3246 641 3306 erret,
656 3254 673 3295 a
686 3236 799 3297 liberali
812 3246 911 3299 tamen
923 3238 1024 3310 Muta,
1036 3248 1069 3299 et
1080 3259 1099 3298 a
1111 3240 1218 3302 etudiir
1232 3243 1380 3307 humani·

274 3336 345 3395 tatic
358 3349 509 3411 nunquam
523 3330 627 3403 abluit,
646 3332 718 3408 quin
733 3332 833 3413 lepide
845 3334 1025 3415 comiterque
1042 3335 1184 3415 pleraque
1206 3349 1237 3398 et
1262 3342 1382 3406 dixerit

275 3439 305 3489 er
327 3428 440 3491 fecerit.
480 3425 559 3485 Vixit
571 3444 665 3485 annor
682 3445 795 3491 xurrr.
815 3431 950 3511 regnarit
971 3449 1055 3493 xxv.
1076 3432 1189 3512 luitque
1202 3435 1381 3517 vigesimus

275 3525 378 3588 tertius
393 3520 589 3583 Macedonum
605 3540 666 3583 rex.
