3000 4875
404 361 503 424 ruo.
527 363 658 412 cunum
687 363 758 410 urs.
781 363 819 410 x.
842 364 924 412 car.
945 351 979 414 l.
1151 351 1236 417 1573

148 515 260 592 impetu
274 511 380 591 captis,
394 511 620 572 Halicarnasum
633 513 732 574 urbem
747 514 941 592 permunitam
961 514 1088 584 obsedit,
1110 533 1233 594 eamque

150 627 210 668 non
237 607 301 667 siue
322 607 421 667 labore
444 617 655 688 expugnatam,
675 608 739 668 solo
753 610 891 687 aequavit.
934 611 1088 689 Ingressus
1103 611 1231 685 Cariam,

149 703 217 763 Adn
231 703 327 762 Carisa
341 701 442 782 regina
455 706 535 781 (qua
550 722 641 782 reguo
657 705 694 763 ab
709 703 903 776 Orontobate,
917 724 1004 784 quem
1019 705 1127 766 Darius
1140 708 1229 768 mise·

149 815 207 872 rat,
226 796 324 878 pulsu,
346 797 416 858 nihil
430 799 585 878 quicquam
602 799 706 858 intuta
720 799 817 870 Caria,
833 812 940 880 preater
954 801 1072 872 Alinda,
1086 802 1149 880 ejus
1164 821 1232 881 pro·

147 895 365 955 uincisaurbcm
378 895 613 966 munitissimam,
629 897 761 969 tenebat)
775 895 944 956 Alexandro
957 897 1073 956 obviam
1086 897 1230 976 prolecta,

148 990 267 1051 rilindis
280 991 351 1050 urbe
366 989 483 1060 tradita,
494 1010 559 1050 eum
572 990 601 1048 iu
612 991 705 1050 filium
720 991 881 1070 adoptavit.
923 991 987 1050 Rex
1001 1011 1057 1052 nec
1071 992 1230 1054 liberalita-

147 1097 210 1146 tem
223 1087 359 1159 scamium,
370 1105 425 1146 nec
436 1085 487 1145 filii
501 1105 608 1145 nomeu
622 1097 808 1166 aspernatus,
829 1089 930 1146 urbem
948 1085 1044 1148 eidem
1057 1088 1227 1148 custodien-

146 1182 217 1242 dam
231 1182 358 1262 reliquit.
399 1181 475 1242 Tota
495 1180 602 1241 deinde
621 1182 709 1242 Caria
723 1183 857 1251 subacta,
870 1201 980 1243 memor
993 1185 1106 1263 accepti
1116 1185 1230 1244 benefi-

146 1278 183 1338 cii
194 1296 260 1338 eam
271 1277 436 1338 uniuersam
451 1275 526 1337 Adae
541 1278 660 1356 imperio
675 1276 812 1358 subjecit.
836 1278 914 1336 Hinc
928 1277 958 1337 in
971 1279 1089 1357 Lyciam
1098 1289 1127 1339 et
1137 1279 1228 1340 Pam·

144 1365 283 1454 phyliam¹
291 1372 396 1443 tendit,
419 1393 455 1434 ec
479 1372 612 1442 consilio,
637 1385 669 1434 ut
691 1392 743 1434 cra
766 1374 909 1434 maritima
933 1374 972 1433 ad
996 1373 1176 1434 Phoeniciam
1195 1386 1228 1436 et

145 1469 281 1530 Ciliciam
302 1488 396 1549 usque
420 1469 450 1530 in
477 1470 804 1549 potestatem'redacta,
831 1470 950 1530 navales
970 1471 1071 1549 copias
1091 1471 1226 1531 hostibus

142 1564 265 1626 inutiles
274 1563 418 1626 redderet.
461 1564 648 1645 Devictisque
664 1566 820 1627 rebellibus
836 1566 952 1626 Pisidiae
966 1566 1094 1646 populis,
1110 1586 1225 1627 summo

143 1660 252 1722 mentis
266 1659 380 1732 ardore,
394 1681 449 1721 nec
462 1661 566 1722 minori
581 1660 741 1733 alacritate,
757 1661 898 1723 adremus
910 1662 1042 1732 Darium,
1057 1681 1144 1741 quem
1157 1681 1226 1723 cunr

142 1757 244 1816 multis
277 1755 463 1817 militantium
492 1756 622 1818 millibus
650 1757 810 1819 adventare
833 1759 1001 1827 constabat,
1026 1757 1220 1827 contendens,

142 1851 315 1932 Phrygiam,
328 1871 482 1933 perquam
496 1854 640 1922 exercitus
655 1852 856 1915 traducendus
866 1865 938 1923 erat,
951 1865 996 1914 est
1008 1853 1170 1931 ingressus.

303 2275 720 2380 canrsroruour
760 2261 1046 2380 annnorum

328 2496 655 2558 SUPPLEMENTUM
679 2496 721 2555 IN
743 2496 817 2557 ΗΒ.
838 2499 877 2557 Χ.
898 2497 988 2557 chr.
1007 2500 1032 2555 l.

137 2692 344 2755 Scarrronns
367 2712 461 2753 ramm
483 2702 631 2772 gestarum
654 2691 815 2752 Alexandri
834 2692 948 2771 Magni,
961 2691 1018 2750 hoc
1031 2689 1097 2750 loco
1112 2688 1216 2748 Calani

137 2789 216 2860 ludi,
231 2790 260 2847 in
276 2788 468 2868 philosophias
483 2787 587 2848 studiis
609 2788 709 2867 magui
731 2787 867 2857 nominis,
891 2788 1067 2847 mentionem
1091 2786 1215 2845 iaciunt.

137 2885 196 2953 Qui
217 2903 360 2965 persuasu
380 2884 490 2945 Taxilis
512 2884 588 2963 regis
612 2882 705 2943 indite
729 2884 929 2944 Alexandmm
949 2894 1080 2954 secutus,
1095 2879 1214 2942 tandem

135 2982 209 3041 miro
219 2980 322 3041 mortis
338 2998 445 3060 genere
460 2980 588 3061 seipsum
603 2981 758 3041 interiecit.
800 2980 875 3039 Cum
884 2979 961 3038 enim
976 2994 1215 3038 susurramus

135 3080 251 3157 absque
263 3077 324 3136 ullo
338 3078 439 3137 morbo
452 3077 583 3149 vixisset,
596 3076 695 3137 dolore
709 3076 768 3135 alui
781 3085 933 3153 correptus
944 3074 974 3131 in
985 3070 1116 3143 Perside,
1125 3072 1211 3129 finem

134 3174 204 3234 vitae
219 3193 283 3233 susa
296 3172 401 3233 adesse
415 3172 597 3251 conjectans,
610 3192 647 3232 ne
662 3174 750 3251 longo
765 3173 866 3230 morbo
885 3178 1025 3249 perpetua
1037 3167 1106 3225 vita
1120 3165 1213 3236 felici·

133 3281 181 3331 tas
196 3269 455 3339 contaminaretur,
465 3268 646 3344 ueremultis
657 3268 837 3327 medicorum
849 3265 1012 3344 pharmacis
1024 3262 1099 3322 foret
1111 3280 1214 3321 excru-

133 3366 272 3435 ciandus,
295 3362 494 3425 Alexandrum
520 3364 642 3443 rogavit,
663 3373 697 3424 ut
720 3363 775 3423 sibi
798 3380 900 3442 pyram
923 3359 1065 3429 construi,
1088 3377 1214 3437 cumque

132 3459 452 3522 ascendisseteandem
468 3460 583 3521 incendi
591 3460 718 3538 juberet.
761 3459 825 3519 Rex
839 3456 986 3517 homiuem
1007 3458 1044 3515 ab
1066 3453 1213 3515 horrendo

129 3560 253 3636 incepto
265 3574 354 3640 posse
375 3556 513 3618 deterreri
538 3574 660 3634 sperans
685 3554 856 3615 dissuadere
875 3553 974 3633 coepit.
1015 3552 1124 3611 Vemm
1143 3570 1213 3610 cum

129 3672 199 3713 eum
213 3653 305 3712 lixum
319 3664 407 3732 etque
418 3650 626 3712 immutabilem
640 3651 670 3709 in
683 3650 829 3711 sententia
842 3667 1021 3727 permanere,
1033 3666 1086 3705 nec
1100 3647 1130 3704 in
1152 3646 1214 3705 rita

126 3749 250 3809 retineri
259 3768 347 3827 posse
360 3748 481 3817 videret,
494 3766 595 3827 pyram
610 3744 773 3806 secuudum
788 3744 893 3803 Caleni
906 3742 1086 3802 voluntatem
1100 3739 1212 3802 cxstnri

125 3845 274 3925 permisit.
315 3845 382 3913 Quo
392 3843 509 3904 delatus
523 3862 610 3922 equo,
623 3841 753 3902 adoratis
767 3839 868 3920 patriis
880 3837 1056 3906 numinibus,
1069 3834 1211 3895 Macedo·

125 3962 185 4006 naa
207 3940 362 4022 prehensis
386 3938 520 4001 manibus
543 3938 668 4018 rogavit,
685 3949 719 3998 ut
732 3937 814 3997 illum
828 3934 906 3993 diem
919 3932 978 3992 lretr'
993 3951 1061 3993 cum
1074 3950 1142 4009 rego
1156 3950 1211 4009 po·

121 4048 229 4099 tentes
254 4036 414 4116 exigerent,
438 4054 524 4115 quem
548 4034 727 4114 paulopost
753 4030 904 4111 Babylone
927 4046 960 4087 se
982 4028 1110 4088 visumm
1125 4026 1208 4087 dixit.

121 4134 184 4195 llis
205 4130 293 4197 dictis
314 4149 415 4213 pyram
436 4130 571 4193 ascendit
595 4129 738 4201 alacriter,
755 4140 844 4207 atque
859 4124 995 4185 membris
1011 4122 1117 4185 decore
1127 4142 1209 4184 com·
