3000 4875
184 201 186 208 '
254 205 341 292 1600
589 208 784 296 asobusu's
809 241 1025 296 snrnsounu

257 405 355 480 ‘quo,
370 409 555 462 contractam
570 401 681 478 (nobis)
696 401 762 465 aliis
776 400 893 476 studiis,
913 369 1118 480 orationisvel
1132 402 1299 467 scabritiem
1312 403 1361 469 sal

257 493 388 577 inopiam
405 496 513 577 'aliqua
532 517 569 559 cx
583 509 666 580 parte
678 501 903 580 corrigeremus,
924 500 994 560 dum
1015 500 1149 582 proximo
1163 519 1231 562 vere
1245 499 1362 562 Britan·
1488 544 1489 553 .

255 593 335 654 niam
351 585 473 670 ailircm,
487 597 527 664 Q.
544 596 678 656 Curtium
693 596 806 658 itineris
820 608 851 658 ct
864 596 1062 677 nauigationis
1076 599 1213 665 comitem
1228 597 1363 678 adjunxi,

256 692 307 770 qui
317 691 388 752 mihi
403 691 472 754 olim
485 711 578 772 puero
593 691 786 767 lectus,mirc
800 691 946 757 candidus
961 713 997 754 ac
1012 703 1108 771 tersus
1124 704 1172 755 est
1185 694 1282 767 visus,
1305 713 1362 756 nec

255 787 333 849 alins
351 809 423 852 sane
437 790 519 850 visus
530 800 577 851 est
591 810 628 850 ex
643 800 727 850 tanto
743 800 914 871 regustatus
934 789 1100 852 intervallo.
1141 791 1234 851 Dolet
1255 791 1362 852 autho.

255 907 317 950 rem
330 887 410 948 lectu
425 887 631 968 dignissimum
646 875 789 967 drtpnlles
802 887 888 948 nobis
903 906 1069 970 superesse,
1089 887 1227 948 nimirum
1241 887 1360 948 duobus

254 987 430 1073 primoribus
453 991 533 1055 libris
548 993 719 1074 amputatis,
743 992 849 1054 ultimo
868 992 1003 1074 pluribus
1018 993 1048 1053 iu
1061 992 1137 1053 locis
1150 1005 1258 1053 trunco
1273 990 1361 1053 muti·

254 1089 356 1169 loque.
388 1089 519 1151 Risimus
530 1089 643 1150 interea
657 1089 827 1151 Graeculam
843 1092 873 1150 in
886 1089 1011 1151 historia
1023 1091 1195 1162 vanitmem,
1210 1108 1301 1168 quam
1317 1097 1362 1150 ta·

254 1207 322 1248 men
337 1189 376 1256 Q.
392 1187 513 1250 Curtius
528 1186 654 1247 subinde
665 1196 848 1268 temperasse
860 1186 988 1250 ridetur.
1029 1186 1068 1245 Et
1090 1196 1188 1271 tamen
1211 1205 1281 1245 cum
1301 1185 1361 1246 buo

253 1286 368 1346 omneis
390 1285 502 1366 ingenii
526 1285 573 1345 sui
597 1303 703 1346 nervos
729 1270 929 1358 intenderent,
954 1293 988 1343 ut
1009 1282 1147 1344 eximium
1161 1281 1315 1362 quendam
1328 1290 1360 1342 et

252 1380 457 1444 inimitabilem
471 1382 633 1464 principem
648 1381 853 1464 depingerent,
867 1380 939 1462 quid
955 1379 1036 1459 aliud
1049 1379 1147 1451 nobis,
1161 1385 1253 1460 quam
1267 1379 1358 1441 toties

252 1475 407 1554 l'uriosum,
428 1479 482 1540 sed
497 1479 606 1560 ubique
619 1477 736 1540 felicem
749 1479 830 1540 orbis
844 1477 1014 1558 praedonem
1029 1463 1276 1556 descripserunt?
1297 1475 1359 1538 Ne·

251 1594 311 1654 qus
333 1577 412 1636 enim
425 1575 477 1638 ille
500 1570 695 1656 periculosius
717 1585 782 1636 erat
801 1575 872 1636 vino
893 1573 1084 1648 temulentus,
1105 1592 1195 1654 quam
1209 1573 1253 1633 irs
1265 1581 1358 1652 atque

252 1672 424 1733 ambitione.
463 1673 503 1733 Et
527 1677 586 1751 quo
609 1670 722 1733 felicior
746 1683 811 1734 erat
824 1671 995 1753 impotentis
1010 1671 1100 1732 animi
1114 1671 1276 1744 temeritas,
1297 1671 1358 1732 hoe
1488 1690 1489 1733 1

251 1778 315 1830 erat
334 1771 423 1830 rebus
449 1769 587 1830 humanis
610 1769 813 1850 perniciosior.
855 1769 930 1830 Mihi
953 1782 1033 1832 certe
1057 1789 1118 1830 non
1137 1768 1231 1847 magis
1252 1767 1358 1848 placet

252 1867 425 1930 Graecorum
452 1867 656 1929 historicorum
684 1867 864 1939 Alexander,
892 1853 980 1947 qiam
1007 1866 1139 1929 Achilles
1166 1865 1358 1938 Homericus,

250 1965 413 2046 pessimum
426 1976 549 2046 uterquc
563 1965 635 2026 boni
655 1965 798 2046 principis
813 1965 974 2044 exemplar,
997 1965 1115 2026 etiamsi
1138 1983 1206 2044 quae
1229 1964 1357 2026 virtutes

250 2072 296 2124 tot
309 2064 386 2126 titiis
402 2061 542 2144 admixta
565 2061 657 2123 videri
678 2062 807 2143 possint.
849 2061 999 2123 Videlicet
1017 2081 1117 2142 operm
1140 2061 1269 2142 pretium
1293 2072 1359 2122 erat

249 2160 391 2234 Africam,
414 2160 574 2240 Europam,
599 2158 712 2233 Asiam,
737 2170 782 2220 tot
795 2158 912 2221 misceri
925 2157 1072 2234 cladibus,
1093 2167 1127 2217 ut
1145 2157 1235 2218 unius
1249 2157 1356 2245 furiosi

245 2257 365 2338 j'uvenis
380 2257 478 2317 animo
492 2275 557 2316 mos
571 2263 732 2337 gereretur,
746 2256 832 2337 cujus
846 2256 1001 2317 ambitioni
1014 2275 1070 2317 nec
1083 2255 1162 2316 orbis
1172 2255 1222 2316 hic
1237 2248 1356 2316 solidus

249 2353 314 2414 e‘rst
335 2353 410 2416 satis
425 2352 564 2415 loturus?
583 2353 675 2414 ¹Bene
696 2353 791 2414 babet
808 2353 889 2437 quod
910 2353 954 2414 illi
967 2342 1045 2435 pesti
1059 2353 1186 2428 fortuna,
1200 2355 1310 2414 ceteris
1323 2355 1355 2413 in

247 2454 338 2515 rebus
362 2452 485 2513 nimium
509 2450 681 2533 indulgens,
703 2451 924 2533 longevitatem
952 2451 1078 2532 negarit:
1119 2450 1216 2512 Locos
1239 2450 1356 2531 aliquot

248 2550 344 2612 obiter
364 2558 524 2612 annotatos
536 2550 730 2625 correximus,
753 2549 858 2613 addita
873 2549 1018 2625 Elencbo,
1034 2549 1085 2629 qui
1102 2549 1295 2631 potissimum
1309 2551 1356 2608 in·

248 2644 373 2720 dicaret,
394 2648 419 2707 si
444 2646 516 2727 quid
539 2666 615 2709 nove
640 2645 754 2708 dictum
770 2646 857 2728 apud
872 2648 952 2708 hunc
966 2647 1137 2727 scriptorem
1151 2656 1297 2721 exstaret,
1317 2666 1356 2709 ne

246 2741 326 2803 desit
343 2760 404 2822 qno
417 2743 576 2822 placemus
585 2745 800 2824 λογομᾶστιγω
812 2745 972 2825 quosdam,
995 2744 1047 2825 qui
1061 2743 1099 2805 ad
1114 2744 1251 2824 singulas
1265 2764 1354 2826 piene

244 2856 335 2901 rocas
359 2836 459 2899 solent
482 2841 664 2921 obstrepere,
688 2840 876 2902 clamitantes
900 2841 980 2922 apud
994 2842 1103 2923 probos
1123 2842 1266 2903 authores
1281 2864 1354 2903 nns-

245 2952 336 3017 quam
362 2936 604 2999 inveniri.'-Ed.
619 2933 1069 3018 Argentomtensis'llrasmiana
1088 2958 1137 2999 aa.
1152 2942 1242 3002 1508.
1255 2932 1368 3021 'quam‘

246 3032 350 3095 laudat
365 3033 528 3109 Fabricius,
543 3053 688 3096 annorum
712 3036 881 3097 confusioni
905 3035 1038 3096 debetur.
1080 3035 1221 3098 Ceterum
1242 3028 1352 3117 ouibus

244 3130 425 3211 adjumentis
439 3132 478 3193 ad
491 3130 711 3193 emendandum
725 3141 840 3193 textum
854 3152 927 3193 usus
940 3134 979 3193 sit
992 3132 1145 3204 Erasmus,
1160 3132 1191 3191 id
1205 3152 1275 3193 sero
1289 3154 1351 3194 non

241 3220 373 3289 'constat
416 3230 515 3301 Notoe,
530 3231 560 3289 in
577 3232 708 3311 margine
722 3240 822 3291 textus
836 3230 955 3310 positar,
968 3229 1149 3291 brevissimae
1160 3240 1243 3302 sunt,
1256 3244 1288 3291 et
1301 3232 1351 3292 rel

245 3335 420 3404 argumenta
432 3325 572 3386 librorum
587 3326 731 3401 indicant,
746 3327 793 3388 vel
808 3327 847 3387 ad
861 3327 1090 3409 explicationem
1103 3326 1289 3406 singularum
1305 3328 1352 3389 lo·

155 3478 162 3487 ,
244 3421 559 3501 cutionumspectant.
602 3422 657 3483 Est
670 3442 763 3502 penes
774 3444 842 3486 nos.

287 3520 366 3579 1520
386 3518 530 3580 Venetiis.
552 3520 581 3577 8.
603 3520 733 3587 Quintus
748 3521 880 3582 Curtius.
922 3522 956 3581 ln
977 3522 1056 3581 fine:
1078 3518 1258 3581 Venetiisin
1273 3520 1350 3581 sedi·

243 3618 299 3678 bus
313 3616 386 3679 Aldi
399 3626 430 3677 et
443 3616 572 3677 Andreae
586 3616 699 3679 Soceri.
721 3620 829 3680 Mense
843 3618 925 3680 Julio
939 3638 977 3680 ss.
994 3638 1028 3679 n.
1042 3615 1249 3678 xn-l‘rnzer
1260 3619 1348 3687 Tum

244 3732 325 3777 v111.
340 3736 371 3796 p.
385 3716 458 3776 460.
500 3715 535 3774 ln
547 3714 603 3775 hac
618 3714 789 3790 adraldus,
814 3716 950 3797 pluribus
973 3715 1055 3777 libris
1068 3716 1276 3796 manuscriptis
1291 3717 1350 3776 ad·

236 3812 334 3891 jutus,
347 3821 460 3873 textum
472 3811 573 3874 multis
585 3812 659 3876 locis
672 3810 804 3874 reddidit
813 3812 1030 3876 correctiorem.
1071 3810 1164 3873 Basin
1175 3813 1247 3874 lecit
1257 3813 1351 3874 Eres-

240 3926 378 3970 mianum.

287 4007 363 4066 tots
384 4008 544 4089 compluti.
567 4010 596 4069 4.
619 4028 681 4071 cur.
707 4008 847 4073 Laurent.
872 4006 958 4070 Balbi
984 4006 1139 4079 Liliensis;
1167 4026 1257 4088 quam
1283 4008 1350 4070 edi-
