3000 4875
228 671 739 768 CHRISTOPHORI
790 675 1149 772 BRUNONIS

368 896 764 1000 soporaremur
787 935 842 1000 uu
864 935 955 1001 arc.
978 937 1008 1002 ι.

140 1409 331 1474 Prrrrrrrus
345 1412 474 1474 Macedo
487 1413 549 1493 (qui
565 1415 675 1492 primus
689 1416 819 1476 omnium
832 1435 935 1496 regum
949 1419 1013 1498 ejus
1033 1415 1141 1498 gentis,
1162 1415 1232 1478 ila·

140 1507 273 1570 redonise
294 1529 427 1590 regnum,
450 1511 574 1570 subacta
594 1520 659 1570 tota
683 1511 811 1584 Graecia.
838 1513 876 1572 ad
898 1533 1043 1574 summam
1066 1513 1230 1594 putenm

141 1604 250 1680 evexit)
263 1606 411 1687 Amyntse,
429 1606 481 1666 riri
500 1605 732 1686 prudentissimi,
754 1609 948 1688 omnibusque
967 1609 1159 1692 imperatoriis
1172 1607 1231 1668 vir-

140 1700 252 1761 tutibus
265 1703 412 1774 instructi,
431 1701 508 1762 lilius
530 1703 597 1764 iuit.
639 1703 669 1762 is
684 1703 841 1784 Amyntas,
854 1725 891 1766 ex
905 1704 1052 1786 Eurydice
1065 1724 1156 1765 uxore
1169 1714 1231 1764 tres

140 1794 215 1855 lilios
229 1807 409 1878 susceperat,
420 1797 632 1868 Alexandrum,
645 1798 829 1871 Perdiccam,
842 1810 874 1860 et
886 1799 1055 1881 Philippum
1068 1797 1231 1860 Alexandri

140 1889 245 1970 Magni
257 1903 382 1974 patrem,
395 1903 485 1973 atque
497 1893 588 1954 illlam
603 1893 781 1974 Euryonem.
821 1895 940 1956 iusidiis
955 1908 1051 1956 autem
1066 1894 1229 1974 Eurydices

139 1987 251 2060 uxoris,
274 2009 343 2068 quse
366 1989 485 2069 nuptiae
509 1989 619 2068 generi,
642 1990 737 2050 mariti
761 2000 855 2050 morte
866 2002 967 2070 pacta,
979 1990 1174 2052 occidendum
1185 1989 1231 2048 vi·

139 2103 214 2160 rum,
234 2104 417 2165 regnumque
430 2083 564 2146 adultero
578 2086 754 2146 tradendum
771 2097 953 2169 susceperat,
972 2104 1133 2167 oppressus
1153 2085 1230 2144 fais·

140 2190 195 2252 set,
221 2180 252 2240 ni
275 2182 337 2242 filia
360 2181 529 2262 pellicatum
551 2183 664 2254 matris,
688 2193 718 2243 et
743 2182 863 2244 sceleris
889 2183 1014 2244 consilis
1038 2181 1230 2262 prodidisset.

139 2275 213 2338 Post
227 2288 350 2339 mortem
364 2278 513 2358 Amyntas,
528 2277 696 2338 Alexander
710 2278 802 2358 major
815 2289 888 2340 natu
904 2278 994 2352 iilius,
1013 2297 1107 2358 regno
1120 2277 1231 2358 potitus

138 2381 194 2434 est.
238 2373 297 2443 Qui
323 2374 398 2434 inter
422 2373 507 2434 initia
527 2373 622 2455 regni,
642 2384 769 2455 cogente
787 2393 859 2435 sane
873 2374 1031 2437 durissimo
1044 2375 1231 2437 necessitatis

138 2468 211 2541 telo,
231 2470 340 2531 bellum
361 2472 399 2531 ab
425 2470 529 2550 illyriis
555 2480 644 2549 pacta
663 2471 811 2543 mercede,
831 2470 963 2551 datoque
986 2470 1124 2551 Philippo
1140 2473 1231 2532 tratre

138 2565 255 2638 obside,
268 2566 403 2627 redemit.
431 2566 589 2647 interjecto
602 2586 720 2647 quoque
734 2578 876 2647 tempore,
889 2566 1082 2645 pereundam
1095 2564 1231 2627 obsidem

139 2680 206 2722 cum
231 2662 531 2741 thebanisgrmiam
553 2663 636 2742 pacis
660 2662 840 2724 reconciliat.
881 2662 959 2731 Quas
978 2680 1026 2724 res
1040 2660 1177 2743 Phiiippo
1190 2662 1231 2726 ad

139 2760 268 2819 maxima
286 2758 415 2839 egregins
436 2757 545 2819 indolis
566 2760 746 2823 incrementa
759 2758 880 2838 proluit.
920 2756 1073 2839 Siquidem
1086 2769 1150 2820 tota
1161 2778 1232 2820 cus·

139 2852 274 2915 todiendi
311 2854 394 2936 pueri
427 2872 500 2915 cura
535 2856 759 2936 Epaminonda,
790 2855 995 2917 strenuissimo
1023 2856 1230 2917 Thebanorum

139 2949 219 3025 duci,
234 2960 323 3030 atque
337 2949 515 3031 philosopho
528 2952 785 3031 prestantissima
796 2952 854 3012 hac
866 2951 1037 3012 conditione
1051 2951 1232 3014 demandata

139 3058 197 3119 est,
219 3058 254 3107 nt
275 3048 467 3113 commissum
487 3047 543 3106 sibi
566 3066 688 3127 puerum
713 3047 871 3127 diiigenter
893 3057 1034 3119 servaret,
1060 3058 1092 3107 et
1113 3066 1231 3108 summo

138 3238 274 3321 honestis
297 3237 460 3318 disciplinis
484 3258 573 3319 quam
595 3240 704 3321 optime
726 3239 915 3299 imbueretur.
956 3238 1089 3299 Forebat
1106 3248 1232 3299 eatam-

138 3344 256 3415 pestate
279 3334 501 3401 laudatissimus
522 3336 659 3417 princeps
679 3334 760 3396 domi
781 3334 842 3395 filio
860 3354 915 3396 suo
928 3332 1141 3415 Epaminondoe
1153 3354 1231 3416 prm-

137 3442 290 3511 ceptorem
316 3429 556 3510 Pythagoricum,
589 3434 646 3493 sub
673 3452 733 3511 quo
760 3431 917 3513 Philippus
943 3432 1068 3493 muitum
1095 3432 1232 3513 proiecit.

137 3528 258 3589 interea
270 3527 420 3607 temporis,
433 3528 604 3589 Alexander
623 3529 738 3589 insidiis
759 3529 861 3589 matris
883 3526 1044 3607 Eurydices
1068 3528 1229 3607 appetitus,

137 3622 299 3685 occubuit:
313 3624 361 3684 cui
374 3633 471 3685 umen
482 3636 571 3685 antea
584 3625 741 3705 Amyntas,
755 3624 785 3683 in
800 3623 912 3684 scelere
925 3623 1128 3704 deprehensns,
1139 3640 1230 3701 prop·

136 3732 181 3781 ter
193 3738 370 3780 communes
383 3719 500 3793 liberos,
514 3720 633 3800 ignarus
648 3720 760 3782 eisdem
780 3720 959 3799 quandoque
981 3718 1135 3778 exitiosam
1156 3718 1230 3789 iore,

138 3823 323 3897 pepercerat.
378 3815 480 3876 Frater
506 3836 624 3896 quoque
651 3817 715 3897 ejus
741 3815 911 3885 Perdiccas,
941 3810 1030 3874 simili
1056 3812 1229 3874 insidiarum

137 3911 255 3981 irande,
276 3909 379 3971 relicto
399 3911 521 3991 paruulo
543 3913 614 3985 filio,
638 3911 793 3991 decipitur.
834 3910 896 3969 Sub
918 3908 998 3969 idem
1019 3919 1145 3989 tempus,
1158 3909 1231 3968 Phi·

137 4008 236 4088 lippus
250 4004 438 4068 commodum
453 4028 470 4067 e
483 4008 620 4068 custodia
633 4008 754 4087 elapsus
768 4006 819 4065 diu
833 4026 866 4066 se
877 4024 940 4066 oon
953 4024 1063 4085 regem,
1077 4004 1130 4065 aed
1147 4014 1230 4066 tuto·

137 4122 198 4167 rem
220 4100 325 4185 pupilli
347 4102 418 4183 egit.
458 4104 499 4167 At
519 4105 569 4166 ubi
591 4105 726 4185 graviora
746 4102 826 4164 bella
848 4101 1048 4174 imminebant,
1073 4118 1229 4187 serumque
