3000 4875
458 326 648 379 ursrorerur
672 327 903 379 suuxsunnr
929 332 968 377 ιι.
1147 313 1233 387 lma

170 476 315 548 Iuliam
330 476 650 559 Imp-iu‘caesminus.
738 518 746 539 .

169 574 276 663 Julius
293 572 427 639 Valerius
440 572 576 637 hennam
597 574 667 639 iecit
690 575 853 639 Historiam
865 575 1033 641 fabulosam
1047 577 1086 640 de
1100 580 1230 643 Alexan-

129 670 196 743 dro,
216 690 284 751 qum
299 672 343 758 nh¹
353 670 418 732 eliis
431 673 553 751 AEsopo,
577 674 615 733 eb
630 672 696 734 aliis
712 673 888 735 Callistheni
902 674 1030 755 ascripta
1044 676 1110 737 tuit.
1143 678 1232 742 Unde

130 767 247 831 subules
268 786 339 839 sues
359 767 493 829 certatim
516 768 680 833 hauserunt
693 762 874 845 Antoninus,
897 771 1083 847 Vincentius,
1106 774 1233 855 Ursper·
1350 843 1358 861 .

129 864 242 945 gensis,
266 863 329 924 alii.
369 864 502 925 Pretium
525 866 681 927 ridebatur
703 868 848 929 ascribere
867 867 1006 931 hocloco
1021 868 1168 950 judicium
1192 871 1231 936 (l.

129 960 244 1031 Bsrthii
258 982 296 1023 ex
315 980 356 1023 ιι.
376 963 424 1025 10.
451 962 715 1027 Αάιοιιιιίοιιιιιιε
736 970 745 1000 ⁴
758 963 843 1027 Telis
856 966 951 1029 mults
963 967 995 1027 in
1008 986 1068 1029 uon
1081 966 1231 1029 inerudito

128 1056 276 1131 monacho
297 1068 377 1133 snut,
397 1060 449 1139 qui
461 1059 552 1129 ritnrn
566 1059 729 1124 Alexandri
743 1061 849 1143 Mogui
863 1061 1042 1143 prodigiosis
1068 1064 1230 1127 mendaciis
1334 1134 1346 1143 ,

129 1154 254 1215 lsrctem
261 1153 357 1217 edidit
366 1167 435 1217 ente
446 1156 671 1238 aliquammults
680 1158 809 1219 saecnle:
832 1178 901 1239 quse
914 1159 1016 1220 sabula
1029 1169 1146 1223 tanturn
1159 1162 1231 1223 olim

128 1248 199 1313 fidei
219 1250 334 1327 habuit,
358 1262 392 1314 nt
416 1270 435 1315 s
454 1253 651 1333 prudentibus
672 1254 763 1317 etism
785 1240 977 1336 scriptoribus
999 1258 1040 1319 sit
1060 1259 1231 1320 testimonio

128 1347 231 1424 citats,
254 1349 351 1430 quelis
364 1368 438 1419 sene
451 1359 521 1411 ente
537 1349 605 1431 plus
619 1370 710 1433 quarn
724 1362 852 1433 quotuor
864 1352 977 1415 socole
998 1354 1055 1415 fnit
1076 1353 1108 1413 in
1120 1354 1231 1436 Aegiis

47 1452 50 1459 “
128 1444 271 1510 Silvester
283 1446 440 1522 ,Giraldns
457 1448 507 1529 qui
521 1467 582 1509 uon
595 1447 743 1513 dubitarit
756 1449 820 1530 ejus
832 1450 968 1514 celliouis
982 1450 1159 1513 auctoritate
1172 1452 1229 1514 nti.

107 1542 176 1605 nu
197 1561 235 1605 es
256 1543 377 1625 egregio
396 1544 517 1614 historin
534 1545 615 1609 edita
638 1565 770 1625 unquam
791 1547 833 1607 sit
854 1547 976 1609 nescio:
1002 1567 1057 1608 nos
1073 1548 1104 1608 in
1124 1548 1230 1610 charte

125 1636 266 1719 scriptam
279 1628 434 1716 hebernus,
458 1642 513 1704 sed
537 1642 614 1705 tenti
628 1642 676 1705 vix
700 1642 890 1717 economus,
909 1654 944 1705 nt
966 1643 997 1703 in
1012 1643 1229 1720 bibliothecam

126 1735 314 1815 recipiamus.
354 1737 409 1799 Est
429 1737 509 1799 idem
523 1748 637 1813 suntor,
650 1758 741 1819 quern
756 1740 898 1821 AEsopnm
911 1748 1010 1813 vocet,
1035 1740 1228 1823 etinterpre·

124 1840 220 1919 tetum
241 1833 354 1896 eJnlio
367 1834 488 1897 Valerio
513 1836 692 1899 Frenciscns
714 1837 839 1899 Jnretns
864 1835 904 1897 ed
928 1836 1102 1917 Symmachi
1125 1836 1228 1900 lib.‘t.

126 1929 221 2013 Epist.
234 1934 287 1993 64.
309 1930 449 1993 Editione
466 1931 586 2011 quidem
604 1932 711 2012 priore.
755 1933 821 2013 Ego
834 1952 904 1993 vero
917 1952 1016 2013 neque
1036 1931 1075 1993 de
1094 1942 1226 2006 anctore,

124 2044 224 2107 neque
234 2024 272 2089 de
283 2027 444 2109 interprete
457 2028 548 2091 oredo
563 2030 691 2095 Romani
706 2028 844 2091 Grsecire
857 2028 987 2091 hominis
1000 2048 1080 2103 esse,
1097 2031 1227 2092 maxime

124 2122 205 2186 cuiun
225 2124 256 2187 in
276 2143 313 2187 eo
328 2124 428 2187 Greeoi
453 2128 595 2191 sermonis
616 2126 795 2207 ignorantie,
820 2146 875 2189 nec
889 2126 952 2186 ulla
976 2126 1106 2187 Romani
1120 2125 1227 2187 notitia

123 2220 192 2292 est'
226 2220 388 2290 ‚Hactenus
408 2222 558 2286 Barthiue.
599 2224 691 2306 'lypis
718 2242 831 2286 excusa
857 2234 903 2285 est
929 2220 1116 2294 Germanice,
1144 2241 1225 2284 nuno

130 2318 219 2380 1486.
240 2320 441 2399 Argentornti.
483 2319 599 2382 citatur
623 2333 654 2383 et
676 2320 823 2383 Salmasio
837 2320 877 2381 ed
892 2320 1226 2402 Solinumpng.1026·

124 2422 212 2480 verm
227 2416 351 2500 scriptor
364 2416 416 2498 qui
429 2437 475 2481 res
489 2416 651 2480 Alexandri
664 2416 798 2480 fabulose
811 2417 989 2498 composuit.
1021 2491 1025 2498 ¹

165 2513 320 2576 Jsstirrsrs.

164 2610 423 2676 Lasiuinrebus
436 2611 564 2674 Grecis.
765 2651 772 2662 ·

164 2707 283 2788 lym.
315 2709 487 2790 Stephanus
501 2710 532 2772 in
546 2708 669 2790 Σκίδροι.

165 2804 306 2885 Ignem
319 2806 446 2869 Samius.
469 2806 566 2886 Hujus
581 2804 808 2868 Commentariis
819 2801 982 2865 Alexandri
995 2810 1081 2884 gesta
1092 2810 1221 2883 pertrec-

125 2911 188 2968 ten
196 2903 302 2978 inisse,
310 2903 441 2984 suspicio
453 2913 501 2966 est
514 2921 552 2966 ex
564 2901 711 2966 Atheneo
722 2922 754 2963 x.
767 2903 799 2965 9.
829 2977 833 2982 .

164 3002 311 3081 Marsyas
333 3001 502 3062 Periandri
516 3001 551 3062 F.
593 2999 690 3080 Hujus
713 2999 776 3060 Res
800 2996 1013 3059 Macedonicas
1034 2996 1108 3056 citat
1131 2994 1222 3056 Athe·

71 3105 76 3112 “
123 3117 210 3164 ussus
230 3118 306 3160 xrv.
328 3101 359 3158 7.
380 3107 412 3158 et
431 3095 583 3156 Plutarch.
608 3093 768 3157 Demosth.
792 3113 861 3173 esp.
881 3097 932 3156 24.
954 3111 1029 3173 ques
1051 3090 1226 3172 perscripsit

121 3195 204 3258 libris
228 3193 344 3268 decem
368 3190 453 3254 initio
475 3189 565 3250 ducto
586 3189 715 3270 eprimo
729 3188 932 3250 Msoedonnm
942 3207 1023 3268 rege,
1046 3205 1222 3267 progressus

121 3311 220 3372 nsque
233 3287 444 3352 ndAlexnndri
453 3285 672 3369 expeditionem
686 3286 716 3348 in
731 3283 858 3367 Syriam.
894 3285 1073 3364 Composuit
1085 3294 1116 3345 et
1125 3284 1219 3364 ipsius

122 3385 289 3454 Alexenmi
309 3384 533 3454 educationems
552 3403 627 3450 ‚eum
650 3403 710 3464 quo
734 3381 824 3445 simul
845 3381 991 3444 educatus
1004 3383 1111 3445 inerat.
1153 3381 1224 3442 Fuit

121 3485 214 3548 etism
237 3484 333 3564 petria
357 3482 496 3556 Pellene,
522 3481 675 3560 Antigoni,
697 3481 749 3560 qui
770 3491 877 3563 postea
900 3478 1046 3561 regnarit,
1067 3479 1167 3553 irater,
1189 3488 1224 3539 nt

122 3591 229 3646 ductor
248 3591 297 3644 est
319 3580 438 3644 Snidss.
479 3579 632 3662 Marsyam
658 3577 942 3642 Macedonemeitar
955 3576 1071 3638 Plinius
1084 3577 1137 3637 lib.
1153 3595 1221 3636 xrs.

122 3688 156 3739 et
170 3697 254 3742 rtur.
285 3676 448 3740 Praefectus
471 3680 587 3740 nerium
608 3675 665 3740 tuit
689 3677 743 3740 snb
766 3674 930 3738 Demetrio.
954 3673 1079 3735 Diodor.
1095 3689 1156 3733 xx.
1169 3673 1221 3730 51.

124 3773 203 3840 Vide
216 3773 356 3836 Vossiunr
370 3771 408 3836 do
420 3772 535 3834 Histor.
550 3773 651 3836 Graeo.
667 3794 691 3835 1.
708 3776 758 3834 10.

164 3870 388 3952 Megasthenes.
430 3868 520 3930 Hunc
544 3870 782 3948 probatissimum
805 3878 956 3928 auctorem
976 3875 1065 3926 vocnt
1078 3863 1220 3924 Arrianus

123 3989 163 4032 v.
185 3970 277 4034 1.,20.
298 3979 328 4026 et
342 3985 474 4046 persoepe
494 3965 576 4038 citet,
596 3964 813 4045 praesertimin
828 3961 939 4022 indicis
955 3961 1035 4021 suis:
1058 3961 1133 4021 sicut
1149 3957 1220 4019 AEli-

121 4085 202 4128 enus
213 4066 243 4126 in
259 4063 337 4127 liist.
352 4063 478 4126 Animal.
521 4062 599 4124 Cum
613 4063 730 4142 regibus
745 4060 857 4122 Indicis
867 4069 999 4119 moretur
1013 4058 1088 4119 rir'es
1102 4073 1221 4137 quoque

121 4163 259 4245 gentium
270 4160 410 4242 prodidit,
424 4172 458 4222 ut
471 4160 585 4224 Plinius
600 4159 699 4224 scribit
713 4178 760 4218 vr.
775 4160 821 4220 17.
842 4155 955 4221 Missus
968 4154 1007 4238 ed
1018 4153 1221 4218 Androcotum

193 4260 281 4323 Delpd.
292 4264 316 4310 et
331 4257 389 4308 Ver.
403 4257 470 4308 Clns.
682 4256 714 4312 Q.
727 4256 796 4304 cert.
1107 4249 1156 4299 50
