3000 4875
265 277 351 344 totu
582 288 669 338 curt.
692 289 871 338 onnusnrr
894 287 1024 336 surra.

265 455 340 515 rent,
364 444 392 502 in
415 443 545 502 ubertate
566 452 663 502 autem
686 439 874 500 Freinshemii
895 439 1019 499 multum
1038 438 1178 518 temporis
1203 443 1341 499 cousum2

265 541 351 610 sisse,
365 548 396 599 ct
409 537 525 618 legendi
540 557 625 617 paene
640 537 761 616 fregisse
774 536 974 617 cupiditatem,
989 545 1022 594 ut
1035 533 1073 593 ad
1087 535 1182 594 Curtii
1195 536 1341 614 genuinos

262 633 352 695 libros
365 631 553 714 postmodum
568 643 734 712 torperent;
757 649 834 692 noro
854 631 953 704 modo,
972 651 1040 711 quas
1058 632 1178 703 desunt,
1191 650 1245 710 per
1263 649 1344 688 sum·

263 731 355 792 usaria
366 729 505 802 indicare,
526 731 661 808 notisque
681 729 836 789 substratis
855 728 1005 790 declarare
1018 729 1135 808 singula
1147 726 1343 796 instituimus,

262 837 297 887 ut
323 827 438 886 animus
462 825 574 904 integer
594 824 632 886 ad
655 829 688 884 rb
711 833 816 900 γνήσια
837 824 928 884 nostri
948 824 1097 906 scriptoris
1119 822 1268 893 afferatur,
1287 839 1344 882 nec

263 934 362 983 tamen
383 921 462 982 rudis
480 921 632 1000 inanisque
653 940 748 980 rerum
770 921 819 993 ait,
841 939 916 999 quas
936 930 1099 1000 temporum
1127 917 1285 998 iniquitate
1311 919 1342 976 in

264 1017 368 1080 Curtio
387 1016 577 1098 perdidimus.
631 1015 707 1076 Nam
730 1015 839 1095 stylum
865 1016 1073 1095 ingeniumque
1094 1015 1187 1076 Curtii
1211 1032 1343 1092 aequare,

263 1133 354 1194 supra
380 1111 576 1175 conditionem
603 1112 703 1174 seculi
730 1113 822 1173 nostri
849 1131 915 1172 csse
940 1113 1152 1173 existimamus.
1192 1112 1230 1169 Et
1257 1111 1283 1168 si
1308 1109 1341 1167 in

264 1211 354 1281 Livio,
370 1209 502 1289 Polybio,
517 1227 552 1269 ac
575 1208 704 1268 Diodoro
725 1207 825 1268 Siculo
844 1209 988 1287 excerptis
1007 1207 1170 1268 summariis
1190 1204 1341 1274 librorum,

262 1307 313 1386 qui
337 1305 550 1376 desiderantur,
570 1313 686 1384 oportet
706 1321 761 1364 nos
781 1313 937 1364 contentos
958 1323 1035 1376 esse,
1062 1301 1134 1381 quid
1153 1319 1213 1361 non
1231 1298 1341 1361 eadem

263 1402 402 1482 (equitate
411 1399 555 1481 jacturam
570 1399 694 1460 lerenius
708 1399 833 1473 illorum,
845 1419 913 1479 qum
927 1400 991 1460 sine
1006 1409 1107 1459 nostra
1116 1397 1206 1477 culpa
1217 1398 1342 1458 excur-

261 1498 294 1556 tii
309 1497 505 1558 monumentis
518 1495 688 1556 amisimus?
729 1496 776 1555 De
793 1495 953 1576 particulis,
969 1514 1037 1575 qum
1052 1495 1155 1575 quinto
1174 1504 1206 1554 et
1226 1493 1343 1553 decimo

261 1592 342 1652 libris
356 1593 537 1663 exciderunt,
552 1610 606 1652 suo
620 1591 686 1651 locu
700 1592 944 1652 memorabimus:
966 1611 1045 1653 nunc
1059 1590 1166 1652 soliciti
1180 1609 1293 1662 sumus,
1307 1600 1343 1648 ut

262 1687 373 1765 priores
394 1687 484 1747 libror
497 1705 555 1745 nun
571 1685 689 1765 quidem
700 1687 796 1746 verbis
816 1707 852 1748 ac
871 1689 959 1767 stylo,
979 1687 1032 1748 sed
1055 1687 1133 1748 brevi
1153 1685 1342 1746 materiarum

263 1781 474 1862 significatione
494 1782 690 1852 restituamus,
711 1800 799 1860 quarn
819 1783 862 1844 ita
881 1783 1004 1843 diuisam
1023 1784 1172 1851 volcmer
1192 1794 1227 1842 ut
1246 1782 1342 1860 primo

261 1878 336 1939 libro
349 1897 386 1938 ea
398 1877 549 1958 scriptino
564 1878 697 1938 Curtium
710 1876 875 1953 credamus,
889 1899 956 1958 ques
970 1878 1079 1939 bellum
1092 1878 1242 1939 Persicum
1255 1889 1342 1938 ante-

262 1985 434 2042 cesserunt:
457 1973 548 2034 altero
561 1973 673 2034 initium
688 1974 765 2034 illius
778 1974 848 2034 belli
866 1975 1051 2055 complexum
1065 1994 1142 2036 esse.
1184 1974 1261 2034 liam
1276 1975 1343 2034 lon·

263 2072 330 2150 gius
342 2069 483 2141 Curtium,
492 2089 580 2148 quarn
596 2071 760 2145 Atrinum,
769 2071 851 2131 initia
866 2069 1018 2149 repetiisse
1030 2089 1068 2130 es
1082 2089 1118 2131 eo
1131 2068 1272 2130 credibile
1285 2081 1342 2141 eet,

262 2165 343 2245 quod
357 2166 431 2226 duos
445 2165 573 2244 integros
588 2165 676 2224 libros
690 2166 840 2245 praemisit,
853 2187 932 2238 cum,
946 2186 1013 2244 qum
1027 2185 1064 2228 ex
1073 2166 1197 2227 Arriano
1210 2167 1340 2248 suppleri

261 2270 397 2342 possunt,
408 2261 457 2320 rix
471 2259 520 2319 uni
534 2258 607 2320 libro
621 2260 776 2322 sufficiant.
817 2263 964 2341 sicigitur

348 2658 699 2739 coNJEcrUJtA
744 2660 823 2739 DE
861 2658 1261 2742 SUPPLEMENR)

711 2866 848 2933 nrnrtr
870 2869 899 2934 1.

545 3077 569 3135 Ι.
605 3077 798 3158 Proloquiis·
813 3080 849 3150 Q.
864 3080 962 3141 Clrrtr'i
975 3080 1059 3161 Rrfi.

260 3234 427 3309 turonen,
448 3238 496 3315 qui
519 3238 677 3300 Alexandri
698 3261 743 3301 res
768 3252 868 3319 gestas
891 3244 1045 3323 scripsere,
1064 3241 1123 3305 fide
1145 3243 1342 3323 dignissimus

260 3328 438 3391 Ptolemaeus
453 3332 524 3411 Lagi
537 3334 662 3409 videtur,
681 3336 760 3414 quod
780 3338 843 3417 ipse
857 3338 943 3399 rebus
957 3340 1137 3414 interfuerat,
1151 3360 1206 3399 nec
1220 3339 1293 3413 ulla,
1315 3344 1342 3401 ri

259 3444 346 3484 secus
359 3428 534 3506 scripsisset,
554 3430 682 3509 suspicio
695 3430 767 3491 lucri
780 3435 956 3512 apparebat:
976 3435 1125 3514 prosimus
1138 3436 1344 3509 Aristobulus,

259 3538 332 3599 quos
347 3521 435 3601 lungo
448 3522 600 3585 intervallo
615 3524 763 3587 Diodotus
776 3528 904 3602 Siculus,
924 3550 982 3591 nou
1003 3532 1098 3592 minus
1113 3532 1211 3611 gravis
1225 3544 1342 3605 auctor,

257 3629 378 3679 secutus
390 3631 447 3681 est.

289 3784 325 3833 Ut
335 3784 419 3835 solent
427 3798 511 3835 rerum
522 3784 683 3851 antiquarum
694 3785 844 3850 scriptores,
854 3788 956 3840 virlstnr
967 3790 1071 3841 Curtius
1087 3792 1166 3842 stiam
1181 3792 1216 3843 sle
1227 3795 1347 3846 auctoris

256 3872 322 3927 tste,
332 3878 407 3929 qusnr
418 3872 549 3930 sequetur,
559 3865 719 3929 prsedlxlsse.
752 3866 907 3931 Conjecturs
915 3870 948 3919 sle
958 3868 1100 3921 Ptolem
1107 3878 1136 3921 et
1147 3871 1302 3923 Aristobulo
1310 3888 1348 3925 ex

257 3944 362 3995 Arriani
374 3944 593 4009 prnl'stlorsesrtr
609 3946 642 3996 ‹ls
654 3945 780 4006 Dlorloro,
797 3962 829 3997 ex
847 3949 980 4015 utriusqus
999 3950 1148 4013 collatione,
1166 3951 1246 4003 etlam
1265 3956 1348 4006 testl·

256 4026 341 4075 monle
351 4025 458 4077 Josnnts
470 4024 651 4077 Freinshemil:
669 4040 814 4093 quanquam
830 4027 934 4080 dublum
944 4037 994 4092 est,
1004 4044 1037 4080 aa
1048 4030 1198 4093 Diodorum,
1217 4034 1290 4097 qnod
1305 4049 1350 4085 re·

255 4102 357 4233 antlptr
366 4112 434 4169 erat,
444 4118 553 4171 suesque
564 4106 675 4171 pressius
684 4122 863 4175 nonnunquam
872 4108 1039 4177 uqusbstur,
1056 4111 1208 4164 minstlm
1218 4114 1350 4167 manifes-

283 4194 328 4231 rer
350 4213 357 4230 .
