3000 4875
251 271 335 338 tuoe
567 284 654 334 can.
677 285 869 335 ssnnours
891 286 1021 335 socru.

250 437 388 498 auxilium
409 436 439 495 in
463 436 668 514 expectatione
688 435 810 496 infantis
822 448 896 508 erat,
916 436 1086 516 compulsus
1100 441 1254 519 spopulo,
1268 462 1333 522 reg·

249 553 319 593 nam
334 529 558 594 Macedonicum
572 531 648 590 male
662 531 808 599 affectum,
829 551 897 592 cnm
918 532 1030 592 bellicis
1050 533 1175 606 artibus,
1195 548 1258 598 tum
1272 540 1336 618 pbi-

248 629 392 711 losopbim
407 628 560 709 preceptis
573 627 775 706 praemunitus,
787 626 993 708 apprehendit,
1005 629 1093 688 Auno
1107 648 1197 692 cccc.
1212 635 1251 694 ub
1265 637 1336 696 urbe

248 725 379 796 condita,
394 721 569 803 Olympiade
584 740 636 782 cv.
677 721 765 782 Circa
784 723 878 803 prima
897 723 996 804 itaque
1011 726 1094 803 regui
1107 727 1277 806 primordia,
1291 752 1336 791 re.

247 842 311 882 rum
325 822 439 882 inlicita
452 818 639 879 multitudine
651 815 824 878 indiversus
839 819 973 892 trabeate
984 831 1095 898 partes,
1107 823 1237 884 finitimis
1252 826 1336 887 undi-

247 936 306 995 que
326 918 356 976 in
380 915 586 978 Macedoniam
605 914 782 976 irruentibus
802 914 932 995 populis,
951 915 1098 996 bellisque
1110 918 1200 978 veluti
1215 923 1334 1000 conspi-

247 1015 359 1074 ratione
373 1012 501 1094 quadam
515 1010 553 1070 nd
566 1009 787 1092 opprimendam
800 1011 1020 1084 Macedoniam,
1031 1012 1187 1076 multarum
1200 1018 1335 1094 mutium

247 1129 285 1170 er
298 1108 420 1170 dirersis
433 1108 517 1180 locis,
532 1125 590 1166 uuo
604 1118 734 1188 tempore
747 1107 973 1180 confluentibus,
987 1127 1039 1167 rex
1052 1107 1204 1189 Philippus
1215 1113 1334 1172 caunos

248 1207 367 1266 omnino
381 1203 529 1284 agendum
543 1221 609 1263 esse
622 1201 826 1276 considerans,
847 1203 996 1279 (omnibus
1017 1203 1097 1264 enim
1119 1222 1172 1282 par
1191 1225 1258 1266 esse
1272 1227 1335 1269 non

246 1305 373 1380 poterat)
386 1301 444 1360 alia
457 1299 632 1378 interposita
641 1299 779 1379 pactione
788 1299 966 1378 composuit,
977 1299 1035 1359 alie
1045 1298 1178 1371 redemit,
1187 1302 1336 1365 facillimis

247 1397 407 1478 aggressis,
428 1407 462 1456 ut
484 1395 608 1456 militnm
631 1395 762 1476 trepidos
781 1395 911 1456 firmaret
930 1395 1057 1468 ιιιίιιιοι,
1079 1405 1112 1456 et
1132 1395 1187 1456 sibi
1205 1398 1337 1460 hostium

246 1503 424 1555 contemtum
447 1491 587 1552 demeret.
629 1490 759 1552 Primum
781 1491 825 1552 illi
844 1511 913 1552 cum
933 1490 1164 1552 Atheniensibus
1184 1507 1337 1556 certamen

246 1589 310 1660 fnit,
324 1589 431 1667 quibus
444 1606 497 1667 per
510 1585 634 1646 insidias
648 1587 743 1658 vietis,
755 1597 835 1648 metu
845 1587 988 1666 gravioris
998 1587 1080 1660 belli,
1088 1606 1157 1650 cnm
1170 1589 1336 1652 interlicere

244 1695 358 1766 posset,
370 1695 473 1746 omnes
486 1680 658 1755 incolumes,
672 1683 736 1742 sine
750 1684 845 1762 pretio
858 1683 985 1744 dimisit:
998 1704 1067 1763 quse
1078 1704 1124 1744 res
1137 1684 1182 1744 illi
1195 1705 1337 1768 magnam

245 1793 276 1842 et
289 1781 413 1860 gratiam
426 1779 674 1841 etauctoritatem
687 1777 866 1840 conciliarit.
906 1780 1011 1859 Captis
1030 1779 1139 1842 deinde
1160 1783 1334 1856 Pmonibns,

244 1876 355 1938 bellum
379 1877 410 1937 in
435 1875 552 1957 Illyrios
569 1876 735 1936 baustulit:
762 1875 802 1935 ibi
822 1874 922 1937 multis
943 1877 1073 1938 hostium
1094 1880 1222 1942 millibus
1236 1883 1336 1954 cesis,

246 1973 421 2036 Larissaeam
435 1973 535 2034 urbem
550 1972 761 2034 nobilissimam
773 1973 865 2050 cepit.
900 1972 979 2033 ilinc
991 1973 1163 2048 Thessalos,
1176 1996 1238 2038 uon
1250 1980 1336 2057 copi-

245 2071 337 2132 ditate
350 2070 471 2150 prmdoe,
492 2068 546 2129 sed
559 2067 639 2148 quod
654 2067 793 2129 exercitui
808 2086 864 2129 suo
877 2069 965 2128 robur
978 2068 1188 2133 Thessalorum
1202 2074 1336 2152 equitum

245 2166 405 2246 adjungere
419 2167 575 2246 gestiebat,
589 2164 661 2224 nihil
675 2165 772 2225 minus
784 2183 874 2244 quam
883 2164 994 2225 bellum
1004 2176 1181 2240 metuentes,
1193 2167 1336 2232 adoritur.

245 2262 361 2330 Quibus
374 2281 411 2322 ex
425 2260 583 2341 improviso
597 2261 824 2342 pmoccupatis,
845 2273 935 2340 atque
955 2261 987 2320 in
1005 2273 1183 2340 potestatem
1197 2264 1337 2338 redactis,

239 2357 394 2439 jungendo
411 2357 545 2437 equitum
564 2355 759 2437 peditumque
771 2358 944 2418 fortissimas
958 2366 1068 2419 turmas
1082 2371 1113 2421 et
1125 2361 1228 2441 copias
1243 2361 1338 2422 insic-

243 2457 388 2519 tissimum
410 2454 481 2516 fecit
500 2454 670 2515 exercitum.
710 2452 824 2521 Quibus
847 2456 934 2515 rebus
956 2452 1080 2517 feliciter
1101 2458 1206 2537 gestis,
1230 2458 1336 2539 Olym-

242 2552 342 2635 piada,
366 2550 553 2631 Neoptolemi
567 2550 645 2631 regis
660 2548 860 2611 Molossorum
873 2550 974 2625 filiam,
988 2570 1109 2613 uxorem
1122 2552 1218 2627 ducit,
1233 2556 1336 2617 conci·

242 2651 334 2711 liante
348 2648 467 2728 nuptias
481 2647 574 2708 altore
588 2646 707 2725 virginis
716 2646 825 2707 Arisbe
835 2665 903 2727 rege
916 2648 1128 2725 Molossorum,
1135 2651 1188 2729 qni
1202 2670 1335 2713 sororem

243 2744 428 2825 Olympiadis
448 2743 606 2814 Troadanr,
630 2744 660 2803 iu
680 2743 896 2804 matrimonium
919 2743 1068 2805 hebebat:
1089 2765 1159 2825 qnae
1178 2766 1273 2808 saun
1293 2749 1335 2808 illi

242 2840 332 2914 exitii,
357 2839 561 2917 malorumque
583 2836 711 2898 omnium
734 2839 801 2901 fuit.
851 2840 929 2899 Nam
950 2860 1020 2901 cum
1045 2842 1128 2922 regni
1153 2842 1336 2905 incrementa

242 2938 385 2999 affinitate
399 2936 527 3017 Philippi
541 2954 574 2995 se
587 2934 799 3015 acquisiturum
811 2947 924 3018 sperat,
938 2938 1056 3017 proprio
1069 2958 1162 3018 reguo
1176 2942 1215 3001 ab
1229 2941 1335 3004 eodem

241 3037 384 3115 privatus,
405 3034 435 3094 in
458 3032 546 3094 exilio
566 3032 733 3093 consenuit.
773 3032 849 3093 Post
868 3034 987 3113 nuptiss
1000 3044 1099 3095 summ
1113 3033 1270 3117 Philippus
1284 3058 1335 3119 per

242 3133 372 3211 quietern
393 3131 474 3191 visus
495 3139 543 3190 est
562 3128 699 3208 conjugis
712 3127 781 3189 also
801 3129 949 3210 insignem
961 3130 1092 3190 affixisse
1103 3129 1230 3208 bullam,
1248 3136 1333 3215 cujus

241 3228 405 3307 sculpture,
418 3224 666 3304 quemadmodum
680 3225 706 3285 is
718 3225 946 3299 existimaverat,
961 3226 1068 3288 Leonte
1081 3226 1207 3288 baberet
1230 3229 1339 3310 imagi.

242 3342 320 3385 nem.
359 3320 448 3389 Quod
466 3332 550 3381 vetes
564 3322 607 3381 ita
620 3330 691 3381 sunt
703 3321 898 3400 interpretati.
939 3322 1039 3401 Ipsam
1051 3322 1173 3401 quidem
1186 3345 1255 3386 esse
1268 3346 1340 3406 gra-

238 3415 348 3489 uidam,
370 3414 532 3476 animosum
555 3428 736 3495 quoquest
757 3417 851 3479 leonis
871 3428 978 3479 natura
999 3419 1166 3500 preditum,
1190 3421 1344 3485 infantem

239 3515 411 3596 parituram.
453 3510 570 3571 Deinde
583 3528 651 3571 cum
666 3510 821 3593 Philippos
835 3517 936 3575 urbem
951 3514 1122 3576 Methonem
1136 3531 1345 3598 expugnares.

233 3614 318 3695 jactu
333 3610 450 3692 sagittas
464 3607 599 3671 dextrum
614 3607 714 3670 emisit
726 3610 854 3671 oculum.
897 3611 1094 3672 Nihilominus
1114 3622 1213 3674 tamen
1227 3634 1347 3694 mm

238 3706 466 3791 deprecantibus
488 3704 582 3779 dedit,
606 3704 745 3785 mitisque
758 3707 848 3767 etiam
861 3708 1006 3769 adversus
1019 3709 1113 3768 uictos
1126 3709 1193 3770 fuit.
1233 3710 1353 3789 Pagus

240 3808 330 3868 etiem
343 3805 474 3885 capiens,
495 3803 617 3885 imperio
630 3822 686 3864 suo
699 3802 817 3883 adjecit.
855 3803 1050 3865 Triballorum
1063 3824 1183 3884 quoque
1201 3818 1336 3886 gentem
1340 3859 1358 3888 ‚

238 3914 269 3964 et
281 3900 423 3983 quicquid
439 3910 582 3979 prseterea
600 3908 741 3961 terrerum
762 3900 792 3959 in
814 3901 947 3980 proximo
968 3910 1043 3973 erat,
1063 3899 1208 3963 invadens
1221 3906 1359 3977 omnia,

238 4018 306 4059 uno
318 3996 400 4057 velut
423 3994 544 4075 impetu,
559 3994 677 4057 devicit.
720 3994 884 4057 Debellatis
898 3995 1040 4067 finitimis,
1056 4004 1147 4074 atque
1159 3997 1364 4067 confirmatu

233 4093 297 4172 jam
312 4092 501 4153 Macedonio
515 4110 617 4171 regno,
629 4110 695 4153 cum
709 4092 831 4156 domum
844 4092 989 4162 rediisset.
1009 4102 1159 4153 natusest
1171 4092 1227 4173 ipsi
1239 4094 1364 4164 Alex.
