3000 4875
479 273 519 328 rrr
544 277 578 338 Q·
600 275 730 327 cuarrr
758 278 829 326 cra.
853 277 877 326 r.
1135 263 1221 330 rous

130 437 186 502 tur,
207 436 386 508 centumque
400 429 590 508 septuaginta
603 426 721 488 narium
737 428 834 508 spolia
845 429 952 507 rapuit,
971 437 1060 507 atque
1082 428 1221 491 militibus

130 525 192 584 suis
206 522 367 586 distribuit.
408 524 455 584 Ne
479 533 577 584 autem
600 523 630 582 in
652 523 740 584 unius
762 523 843 582 urbis
857 523 1012 584 obsidione
1025 534 1124 585 tantus
1138 543 1222 586 exer·

131 622 205 682 citus
229 631 388 690 terreretur,
416 619 568 700 profectus
592 637 660 679 cum
693 618 872 691 fortissimis,
909 619 1018 680 multas
1044 620 1223 682 Chersonesi

131 718 216 780 urbes
239 715 429 795 expugnarit.
472 714 578 774 Filium
601 713 709 775 deinde
722 714 924 775 Alexandrum
939 734 1046 776 xrrrr.
1061 735 1156 778 annos
1168 735 1221 776 na·

131 823 204 884 tum,
224 811 341 872 virtutis
360 827 391 871 et
409 809 628 891 promtitudinis
649 811 679 872 in
701 813 788 871 rebus
816 811 941 890 agendis
962 813 1222 888 manifestissimas,

132 917 163 970 ut
176 909 233 968 sub
246 907 338 988 patris
353 906 457 968 militia
479 906 611 986 tyrocinii
632 905 800 968 rudimenta
817 906 987 986 deponeret,
1008 908 1048 967 ad
1070 927 1103 970 se
1123 928 1224 970 accer-

131 1005 210 1066 sirit.
244 1005 319 1064 Cum
333 1022 393 1083 quo
406 1005 436 1063 in
452 1001 602 1082 Scythiam
618 1002 773 1082 praedandi
786 1021 888 1074 causa,
902 1022 983 1064 more
997 1004 1220 1083 negotiantium,

131 1087 279 1182 impensas
294 1100 365 1160 belli
377 1098 438 1159 alio
450 1098 529 1159 bello
543 1098 717 1171 reiecturus,
731 1108 779 1158 est
791 1099 952 1177 protectus.
993 1101 1096 1179 anue
1109 1120 1223 1180 expug-

132 1205 212 1267 nata,
226 1195 331 1274 viginti
345 1195 438 1256 millia
452 1214 608 1276 puerorum
624 1213 659 1255 ac
673 1195 858 1256 loeminarum
871 1206 970 1274 capte,
983 1198 1099 1277 pecoris
1112 1215 1221 1276 magna

131 1291 186 1362 ris,
200 1291 264 1352 nuri
279 1291 452 1371 argentique
467 1290 559 1352 nihil:
581 1311 641 1350 xx.
655 1289 748 1350 millia
761 1292 902 1351 nobilium
916 1311 1058 1370 equamm
1072 1292 1111 1352 ad
1125 1275 1221 1373 ςειιιίο

133 1387 301 1448 laciendum
323 1389 352 1446 in
375 1386 584 1448 Macedoniam
598 1387 690 1446 missa
704 1399 785 1447 sunt.
827 1386 886 1466 Sed
899 1389 1225 1470 revertentiaScythia

132 1482 276 1564 Philippo
292 1483 413 1544 Triballi
436 1493 604 1555 occurrunt,
634 1492 780 1562 negantes
803 1501 836 1542 se
860 1483 1015 1544 transitum
1037 1483 1170 1556 daturos,
1191 1487 1224 1546 ni

133 1579 297 1658 portionem
312 1578 458 1659 accipiant
476 1578 597 1660 praedm.
638 1579 715 1639 Hinc
734 1579 877 1658 jurgium,
901 1598 970 1640 mox
983 1581 1170 1660 etproelium,
1190 1583 1221 1642 in

132 1694 191 1753 quo
215 1675 257 1734 ita
280 1675 312 1734 in
336 1675 446 1736 temore
469 1675 638 1736 vulneratus
662 1686 708 1734 est
729 1675 895 1755 Philippus,
916 1686 951 1736 ut
971 1697 1024 1758 per
1037 1696 1145 1757 corpus
1158 1678 1222 1757 ejus

133 1790 228 1850 equus
242 1770 463 1834 interficeretur.
490 1772 566 1830 Cum
578 1789 681 1830 omnes
693 1773 823 1832 occisum
838 1783 986 1849 putarent,
999 1770 1101 1852 praede
1114 1773 1223 1835 emissa

133 1879 188 1928 est.
221 1867 442 1947 Quamprimum
456 1887 493 1928 en
505 1865 626 1926 vulnere
640 1866 802 1933 convaluit,
816 1867 868 1925 diu
882 1866 1098 1927 dissimulatum
1113 1869 1222 1928 bellum

133 1962 364 2024 Atheniensibus
378 1963 476 2022 insert.
517 1963 611 2041 Cujus
625 1981 716 2022 causa
729 1962 864 2022 Thebani
882 1981 914 2022 se
931 1962 1067 2041 junxere,
1090 1975 1223 2025 metuen-

132 2073 189 2130 tes,
209 2078 248 2118 ne
269 2058 354 2119 victis
375 2057 618 2130 Atheniensibus,
639 2057 730 2120 veluti
750 2058 881 2118 ricinum
901 2057 971 2117 belli
990 2059 1169 2130 incendium,
1182 2061 1222 2119 ad

133 2173 165 2216 sc
178 2154 328 2214 transiret.
370 2155 447 2214 Inita
459 2155 601 2214 societate
616 2155 691 2214 inter
710 2154 845 2214 civitates
866 2154 956 2234 paulo
975 2166 1044 2216 ante
1066 2155 1224 2216 infestissi-

133 2269 208 2322 mas,
226 2249 427 2328 'legationibus
451 2260 544 2310 totam
566 2250 694 2329 fatigant
719 2250 878 2322 Graeciam,
901 2269 1086 2312 communem
1107 2250 1223 2320 hostem

133 2346 340 2408 communibus
353 2347 462 2406 viribus
477 2346 719 2408 summovendum
743 2357 892 2425 putantes.
934 2346 1079 2414 Quaedam
1091 2347 1225 2408 civitates

134 2456 224 2505 motas
248 2442 476 2505 Atheniensibus
499 2462 565 2504 sese
585 2443 733 2523 jungunt:
755 2443 901 2522 quasdam
920 2456 1019 2503 autem
1039 2444 1109 2504 belli
1126 2456 1224 2505 metus

135 2539 174 2599 ad
189 2539 359 2619 Philippum
372 2541 472 2601 traxit.
514 2536 548 2601 ln
563 2537 620 2600 hac
633 2557 735 2620 pugna
752 2538 907 2618 Philippus
920 2538 1120 2599 Alexandrum
1133 2539 1225 2601 tilium

134 2635 221 2699 alteri
239 2654 330 2696 cornu
351 2636 502 2716 prefecit:
522 2632 573 2696 ubi
598 2634 796 2695 laudatissimi
821 2634 927 2693 Herois
946 2635 1038 2695 virtus
1062 2635 1225 2695 clarissime

134 2732 268 2795 emicuit.
300 2730 402 2793 Talem
414 2732 491 2791 enim
505 2731 535 2791 io
550 2728 653 2791 eadem
667 2748 814 2811 pugnare
827 2731 974 2812 praestitit,
990 2740 1023 2791 nt
1034 2750 1095 2793 non
1107 2732 1226 2793 interior

134 2839 230 2909 patre,
252 2828 341 2889 immo
355 2829 443 2889 etiam
457 2826 530 2887 nulli
543 2826 691 2888 secundus
713 2827 861 2888 extiterit:
882 2839 987 2907 postea
1007 2848 1136 2907 quoqne,
1159 2848 1226 2889 eam

135 2924 289 2986 victoriam
303 2924 358 2983 sibi
371 2923 481 2985 invidia
495 2942 530 2983 ac
540 2918 643 2984 lra'ude
653 2923 745 3003 patris
757 2934 932 3002 prereptam
943 2924 1033 2983 inisse
1044 2933 1225 3001 conquestus
1321 2918 1331 2935 ⁰

135 3020 185 3081 sit.
228 3019 396 3081 Commisso
414 3021 512 3099 itaque
527 3018 606 3098 apud
622 3018 817 3079 Chaeroneam
831 3019 944 3099 prmlio,
958 3020 1015 3079 etsi
1027 3019 1226 3079 Athenienses

135 3133 259 3177 numero
272 3115 395 3177 militum
408 3115 497 3193 longe
509 3124 696 3195 praestarent,
711 3134 729 3174 a
744 3114 960 3174 Macedonibus
972 3127 1071 3173 tamen
1084 3114 1226 3175 condano

136 3231 173 3273 ac
187 3211 328 3273 diuturno
342 3210 472 3273 bellandi
490 3230 547 3273 usu
562 3211 823 3281 exercitatissimis,
837 3211 1002 3270 uincuntur.
1044 3209 1113 3270 tlon
1127 3222 1226 3271 autem

136 3306 323 3367 immemores
337 3306 469 3387 pristina
484 3306 585 3385 gloriae
598 3306 742 3367 cecidere.
784 3306 843 3367 Hic
856 3306 919 3366 dies
933 3307 1079 3367 universae
1091 3307 1227 3380 Graeciae,

137 3412 170 3465 et
182 3400 308 3481 gloriam
323 3402 540 3473 dominationis,
554 3412 585 3463 et
598 3403 823 3463 vetustissimam
838 3403 1000 3464 libertatem
1013 3405 1098 3465 finiit.
1140 3406 1229 3465 Cete-

138 3518 204 3559 rum
218 3516 285 3558 cum
301 3497 455 3578 Philippus
470 3516 584 3578 semper
598 3518 669 3578 erga
683 3498 884 3561 Alexandrum
897 3501 1006 3580 optime
1019 3500 1143 3561 affectus
1155 3501 1228 3561 tuis·

139 3604 197 3665 ret,
219 3592 339 3653 tandem
353 3612 390 3653 ea
405 3594 564 3675 Cleopatra
578 3613 714 3667 noverca,
737 3593 907 3674 Olympiadi
930 3595 1149 3675 superinducta,
1167 3596 1228 3656 dis·

139 3688 243 3750 cordia
258 3700 322 3749 orta
337 3700 393 3750 cst.
436 3691 564 3751 Causam
587 3688 722 3750 adhibuit
738 3688 857 3749 Attalus
878 3690 1040 3750 avunculus
1052 3690 1229 3770 Cleopatra,

139 3786 191 3863 qui
205 3804 275 3846 cum
288 3787 318 3845 in
332 3785 442 3866 nuptiis
457 3785 639 3847 Macedonas
654 3786 864 3856 exhortaretur,
886 3785 967 3845 Deos
988 3798 1115 3856 orarent,
1138 3796 1168 3845 ut
1189 3787 1229 3846 ad

140 3882 225 3960 regni
247 3883 466 3942 successionem
487 3881 635 3961 legitimus
657 3901 694 3941 ex
717 3880 854 3960 Philippo
868 3892 899 3940 et
911 3880 1069 3959 Cleopatra
1082 3894 1230 3943 crearetur

139 3976 246 4047 hares,
269 3976 490 4039 excandescens
512 3978 689 4048 Alexander,
708 3977 921 4055 ijprobum
941 3990 1041 4057 ceput,
1054 3978 1160 4057 inquit,
1174 4000 1229 4041 nos

140 4090 212 4135 rero
225 4074 280 4133 tibi
295 4072 377 4135 nothi
392 4072 545 4134 videmurt
564 4073 710 4152 simulque
731 4072 760 4133 in
776 4091 843 4133 eum
856 4073 982 4151 conjecit
994 4074 1143 4152 poculum.
1183 4076 1232 4135 ln·
