3000 4875
473 329 512 378 ru
538 333 570 392 o.
593 331 722 380 cunrrr
750 335 821 383 ura.
846 337 886 384 n.
1132 325 1216 390 1571

140 477 175 536 ad
201 495 233 536 sa
256 476 285 534 in
300 474 424 536 vinculis
438 479 596 554 faeminam,
610 493 819 561 percunctatus
830 494 876 545 est
889 486 1066 559 Alexander,
1082 506 1218 567 qntenam

140 569 241 632 esset?
282 571 325 630 Ea
344 573 548 652 imperterrita,
561 576 738 656 Theagenis,
750 581 855 659 iuquit,
870 601 935 642 sum
949 601 1040 654 soror,
1055 585 1105 662 qui
1116 596 1224 645 contra·

141 667 304 748 Philippum
313 669 426 730 electus
437 671 604 750 imperator,
614 674 870 755 fortiterpuguans
881 679 1067 757 proGraeciae
1076 680 1219 753 libertate,

141 763 287 824 occubuit.
329 765 604 844 Magnanimitatem
629 770 759 830 mulieris
784 780 816 830 et
840 774 1038 833 constantiam
1058 775 1219 835 admiratus

141 877 200 930 rex,
215 857 336 918 liberam
351 879 416 920 eam
431 881 498 921 cum
516 863 583 922 filiis
599 863 720 924 dimisit.
763 866 959 928 Athenienses
983 868 1149 930 Thebarum
1170 891 1221 931 ca·

142 975 205 1014 snm
219 955 342 1015 molesta
354 966 384 1016 et
397 976 464 1016 curn
479 977 594 1018 summa
608 961 861 1021 commiseratione
874 963 1012 1035 serentes,
1023 964 1143 1044 refugiis
1153 986 1221 1047 pro·
1294 1027 1296 1031 .

144 1051 277 1128 iugorum
290 1061 393 1130 portas
406 1063 511 1112 contra
524 1055 601 1134 regis
615 1055 741 1115 edictum
758 1067 946 1134 aperueruut.
988 1060 1084 1128 Quam
1100 1079 1160 1122 rem
1180 1062 1223 1121 ita

141 1147 269 1225 graviter
283 1146 352 1207 tulit
365 1147 542 1222 Alexander,
557 1161 590 1208 ut
604 1151 737 1211 secunda
751 1151 909 1230 legatione,
923 1151 1024 1214 denuo
1041 1154 1152 1216 bellum
1171 1157 1224 1217 de·

141 1242 339 1319 precantibus,
360 1243 402 1302 ita
421 1243 538 1303 demum
563 1246 715 1317 remiserit,
738 1259 773 1306 nt
786 1256 919 1307 oratores
936 1259 967 1308 et
980 1247 1084 1321 duces,
1097 1270 1223 1330 qnorum

142 1336 251 1396 fiducia
263 1337 351 1397 toties
362 1338 515 1412 rebellent,
531 1341 585 1400 sibi
597 1341 755 1402 dedantur.
797 1343 841 1402 Eo
855 1351 953 1404 tamen
971 1343 1090 1406 demum
1111 1366 1158 1407 res
1178 1361 1225 1406 est

142 1432 282 1504 deducta,
303 1444 337 1494 ut
354 1435 477 1501 retentis
498 1437 672 1508 oratoribus,
692 1437 784 1497 duces
798 1438 828 1495 iu
842 1439 961 1499 exilium
975 1437 1152 1520 agerentur:
1174 1443 1224 1520 qni

141 1527 298 1589 confestim
322 1528 360 1588 ad
387 1531 507 1590 Darium
529 1551 628 1610 regern
651 1532 807 1592 Persarum
824 1533 948 1612 proiecti
965 1545 1044 1595 sunt.
1085 1536 1225 1596 Ceterum

141 1623 253 1682 cosona
275 1624 306 1680 in
328 1623 441 1684 isthmo
460 1625 584 1698 Graecis,
604 1637 636 1688 et
648 1628 863 1706 expeditionem
877 1629 909 1686 in
923 1630 1028 1689 Persas
1042 1630 1226 1691 decernenti·

143 1720 210 1789 bus,
224 1718 393 1778 Alexandro
412 1719 510 1800 plnres
533 1721 701 1802 philosophi
723 1733 754 1782 et
777 1733 908 1783 oratores
929 1736 1096 1795 occurrunt,
1119 1736 1227 1806 praeter

144 1813 307 1891 Diogenem
323 1815 479 1894 Cynicum,
493 1819 617 1896 quitum
633 1818 804 1877 versabatur
817 1817 961 1889 Corinthi,
974 1828 1006 1877 et
1026 1819 1226 1880 Alexandrum

143 1909 227 1988 parvi
242 1909 363 1980 iaciens,
378 1911 408 1969 in
425 1912 533 1970 Granio
547 1912 717 1972 habitabat:
735 1912 857 1971 miratus
871 1912 1051 1979 Alexander,
1064 1914 1103 1973 ad
1115 1935 1181 1975 enm
1196 1916 1227 1974 in

144 2003 207 2064 sole
233 2005 411 2083 apricantem
435 2007 525 2076 seuit,
549 2027 658 2086 rogans
680 2007 779 2066 ‘reine
801 2005 977 2085 cujusquam
1000 2007 1167 2087 indigeatr’
1196 2022 1228 2070 at

143 2101 205 2172 ille,
228 2105 236 2134 ‘
251 2101 292 2159 Ut
304 2101 445 2178 paulum,’
458 2101 563 2181 iuquit,
583 2112 621 2162 ‘a
636 2102 698 2162 sole
714 2100 871 2160 discedes:
902 2102 969 2170 Quo
983 2122 1124 2183 responso
1137 2103 1228 2164 Alex-

144 2196 270 2256 andrum
285 2193 361 2255 adeo
374 2196 553 2257 delectatum
568 2199 675 2268 serunt,
690 2208 723 2257 ut
733 2197 773 2256 ad
786 2215 857 2257 suos
871 2216 1030 2260 conversus
1045 2198 1161 2272 dixerit,
1176 2207 1230 2261 ‘se

145 2292 310 2369 Diogenem
332 2309 397 2350 esse
419 2292 506 2362 velle,
526 2294 550 2350 si
574 2292 741 2352 Alexander
762 2310 822 2351 non
845 2294 945 2354 esset!
986 2296 1088 2355 Rebus
1103 2296 1228 2357 Groecioe

143 2388 328 2466 compositis,
343 2387 521 2448 adventante
534 2408 612 2459 vere,
623 2389 746 2469 ipsaque
758 2385 876 2449 Gracia
887 2408 953 2450 cum
965 2383 1154 2463 Macedonia,
1169 2392 1232 2451 An·

143 2484 264 2562 tipatro,
284 2484 330 2542 cui
354 2502 391 2542 ex
414 2484 516 2543 amicis
530 2486 655 2544 maxirne
670 2484 790 2553 fidebat,
810 2484 985 2555 commissis,
1001 2485 1039 2544 ad
1050 2480 1226 2565 Hellespon·

141 2588 207 2639 tntu
222 2598 288 2638 cum
303 2576 432 2639 exercitu
449 2580 607 2659 profectus,
623 2580 652 2637 in
668 2579 766 2638 Asiam
778 2578 940 2637 incredibili
949 2579 1053 2639 ardore
1065 2582 1170 2640 ruentis
1182 2601 1232 2641 ac·
1270 2587 1272 2596 '

143 2694 266 2746 census,
277 2674 404 2753 trajecit.
434 2676 509 2734 Curn
525 2685 622 2735 autern
633 2674 723 2733 delati
736 2674 765 2731 in
780 2674 981 2733 continentem
995 2686 1105 2748 essent,
1119 2676 1231 2755 primns
1312 2730 1316 2741 ,

145 2770 319 2829 Alexander
333 2770 465 2849 jaculum
485 2770 566 2845 velut
578 2771 607 2829 in
621 2768 758 2828 hostilem
774 2777 878 2827 terram
892 2769 1029 2848 conjecit,
1043 2782 1233 2851 armatusque

146 2864 185 2923 de
200 2866 280 2936 navi,
295 2864 465 2944 tripudiasti
481 2865 593 2936 similis,
608 2864 753 2943 prosiluit,
768 2874 856 2942 atque
871 2864 912 2923 ita
931 2865 1043 2925 hostias
1057 2866 1156 2937 credit,
1171 2886 1235 2946 pre-

144 2971 245 3031 catus,
261 2980 298 3019 na
312 2980 344 3020 se
360 2980 458 3039 regern
473 2961 532 3019 itte
546 2972 630 3019 terrae
645 2960 742 3019 invitm
755 2950 912 3037 accipiant.
954 2960 1028 3019 lnde
1046 2960 1160 3021 hostem
1183 2980 1235 3039 pe·

146 3066 226 3128 tens,
241 3055 348 3115 milites
363 3074 382 3113 a
400 3055 590 3134 populatione
609 3056 689 3114 Asioe
706 3052 865 3133 probibuit,
879 3054 1057 3131 parcendum
1072 3055 1134 3114 auis
1148 3056 1234 3114 rebus

147 3151 302 3233 prelatus,
315 3169 371 3209 nec
385 3149 536 3229 perdenda
550 3170 596 3222 ea,
610 3171 677 3230 qum
689 3149 855 3229 possessuri
867 3150 1011 3209 venerint.
1054 3149 1089 3208 ln
1101 3150 1231 3209 exercitu

145 3248 212 3325 ejus
227 3246 347 3304 inerunt
362 3246 809 3324 xxx11.milliapeditum,uon
824 3260 914 3322 supra
930 3264 962 3302 v.
979 3243 1072 3303 millia
1093 3245 1235 3324 equiturn,

147 3360 301 3419 navesque
320 3358 449 3400 ccxxx.
490 3342 555 3401 Hac
569 3352 630 3400 tarn
643 3360 734 3420 parva
747 3360 837 3401 maun
851 3339 1019 3400 universnm
1033 3351 1173 3400 terrarum
1184 3359 1233 3399 or·

147 3439 227 3509 hcm,
243 3446 341 3495 utrum
356 3436 395 3493 sit
408 3434 616 3508 admirabilius,
631 3435 711 3516 quod
726 3437 838 3510 vicerit,
857 3454 894 3495 an
909 3435 990 3515 quod
1007 3435 1129 3516 aggredi
1144 3455 1234 3496 ausus

149 3532 410 3604 fuerit,·incertum
424 3541 487 3591 est:
502 3550 568 3591 curn
584 3531 622 3590 ad
633 3542 696 3591 tam
709 3532 906 3611 periculosum
920 3531 1029 3591 bellurn
1041 3550 1098 3589 uon
1109 3532 1235 3610 juvenes

146 3630 301 3698 robustos,
323 3644 378 3685 nec
397 3626 491 3705 primo
514 3628 611 3686 aetatis
634 3626 717 3698 flore,
733 3626 786 3687 sed
800 3633 964 3697 veteranos,
978 3625 1134 3704 plerosque
1148 3624 1235 3684 etiam

147 3724 283 3785 emeritae
293 3721 415 3793 militiae,
429 3722 479 3800 qni
493 3741 558 3782 cum
575 3731 656 3801 patre
672 3721 842 3800 patruisqne
856 3721 1061 3791 militaverant,
1075 3718 1181 3796 elegit:
1202 3729 1237 3779 ut

147 3840 210 3881 non
227 3829 289 3879 tarn
301 3818 419 3889 milites,
428 3836 516 3896 quarn
528 3817 637 3876 militiae
650 3816 817 3894 magistros,
829 3815 939 3876 electos
949 3823 1079 3893 putares.
1107 3812 1235 3872 Ordines

147 3932 271 3995 quoque
284 3930 372 3972 nemo
385 3913 442 3972 uisi
458 3911 784 3999 sexagenariusduxit:
804 3920 838 3969 nt
859 3910 885 3969 si
908 3908 1051 3988 principia
1072 3918 1236 3968 castrorum
1268 3968 1276 3984 ,
1326 3956 1330 3963 .

146 4017 446 4080 cenomannensium
459 4018 488 4068 te
503 4008 627 4087 alicujus
641 4008 747 4087 priscae
761 4006 888 4085 Reipub.
904 4004 1001 4064 videre
1014 4003 1140 4065 diceres.
1176 4006 1235 4063 lta·

149 4126 210 4185 qne
234 4123 323 4165 nemo
342 4105 371 4164 in
391 4102 492 4183 proelio
506 4104 617 4183 fugam,
633 4102 684 4163 sed
697 4120 801 4161 omues
813 4101 965 4162 victoriam
979 4100 1082 4159 animis
1093 4118 1236 4180 concepe-
