3000 4875
447 352 635 402 ursaonae
661 354 889 406 nssxsunar
919 361 958 406 rr.
1160 348 1248 413 lost

153 518 294 582 laudibus
308 518 436 598 scripsit,
456 528 490 581 ut
503 528 606 581 auctor
624 531 671 583 est
691 518 806 584 Gellius
820 541 869 587 rr.
882 527 912 587 8.
953 524 1042 590 Hunc
1055 524 1123 589 Tib.
1143 522 1247 592 Oessr

152 615 323 699 cymbalum
340 614 443 676 mundi
464 618 599 688 vocabat,
620 636 687 679 cunr
700 618 828 700 publicar
841 620 930 682 hmo
954 610 1125 704 tympanum
1147 628 1246 704 potius

151 714 245 775 videri
259 722 370 793 posset.
404 712 526 774 Plinio
540 714 663 775 Proelat.
677 716 759 778 Hist.
774 718 879 778 Natnr.
893 738 925 778 n.
939 720 990 781 36.
1006 722 1062 782 sub
1076 718 1113 788 ’0.
1129 720 1247 786 caesare

152 820 218 873 tota
231 811 433 872 circumlatum
448 810 538 871 luisse
554 810 682 885 Graecia,
706 812 779 875 elin
794 832 900 875 nomen
915 812 1037 877 llomeri
1050 821 1088 880 ab
1111 819 1248 883 omnibns

149 908 320 970 eidtatibas
334 907 518 987 adoptatum,
534 909 604 969 Seu.
618 910 705 989 epist.
721 912 771 970 88.
787 930 817 971 n.
831 913 883 971 66.
899 913 1012 975 scribit.
1052 914 1125 996 Pius
1138 918 1247 979 librum

151 1014 289 1086 quartum
302 1004 499 1065 historiarum
526 1004 647 1085 AEgypti
674 1002 746 1067 citat
768 1006 909 1069 Clemens
930 1009 1147 1075 Alexandrinus
1171 1012 1247 1075 libro

149 1102 245 1182 primo
256 1102 396 1163 stromat.
411 1102 460 1162 ubi
474 1110 510 1161 et·
517 1100 696 1163 mentionem
710 1102 784 1164 lacit
795 1103 872 1178 libri,
895 1124 983 1185 quem
997 1118 1101 1169 contra
1120 1108 1246 1172 Judoeos

150 1198 310 1277 scripserit,
319 1217 407 1277 quem
422 1196 539 1257 duobus
562 1198 702 1260 refutavit
715 1200 878 1280 Josephus.
920 1202 1153 1267 Grammaticum
1177 1224 1246 1287 pro·

149 1294 283 1355 fassione
296 1294 393 1366 luisse,
408 1304 437 1354 et
451 1312 602 1374 magnum,
616 1305 736 1357 constat
747 1316 785 1358 ex
798 1296 898 1358 Plinio
914 1317 1002 1361 xxx.
1016 1302 1047 1362 2.
1061 1305 1092 1362 7.
1113 1304 1246 1382 quicum

150 1388 225 1451 vidit
237 1398 268 1451 et
281 1389 462 1451 Plistonicen
477 1388 656 1469 appellatum
668 1392 759 1453 tradit
774 1412 917 1455 xxxvia.
931 1400 962 1457 6.
977 1396 1031 1456 sed
1049 1408 1086 1457 et-
1093 1398 1163 1459 alibi
1177 1418 1246 1461 enm

148 1488 233 1560 citat,
243 1486 273 1546 in
287 1486 410 1566 magicis
421 1486 583 1566 praesertim
598 1506 606 1547 t
621 1487 674 1549 aed
687 1498 719 1549 et
733 1490 764 1549 in
778 1489 853 1551 libro
864 1490 902 1551 de
914 1492 1010 1573 Apicii
1021 1491 1093 1554 luxu
1105 1495 1244 1557 Athenas·

148 1592 267 1644 us'vrr.
284 1584 332 1644 12.
355 1592 387 1644 et
411 1582 449 1643 de
475 1582 589 1662 Lingua
612 1583 699 1644 Rom.
720 1584 801 1645 idem
815 1596 920 1648 auctor
933 1606 992 1651 xv.
1007 1592 1037 1649 8.
1079 1591 1203 1671 Scripsit
1215 1603 1247 1652 et

147 1680 299 1741 historiam
311 1678 349 1740 de
357 1678 481 1759 singulis
495 1680 642 1758 gentibus,
658 1692 689 1741 et
697 1685 928 1745 commentarios
937 1684 968 1744 in
980 1684 1154 1760 Homerum,
1167 1706 1242 1767 qno·

146 1794 215 1837 rum
239 1777 359 1836 nimiam
380 1775 564 1855 diligentiam
590 1777 728 1856 sugillare
748 1778 864 1843 videtur
878 1776 1004 1842 Seneea.
1045 1782 1151 1845 Obtot
1164 1783 1246 1844 edita

147 1872 261 1952 scripta
271 1872 438 1954 appellatus
452 1880 499 1931 est
513 1874 641 1953 Μόχθω,
657 1873 760 1947 idest,
775 1876 881 1949 Labor,
895 1887 929 1936 ut
940 1888 1065 1942 testatur
1078 1878 1199 1941 Snidss.

190 1968 367 2031 Archelaus.
408 1968 649 2050 chorographus,
670 1971 722 2049 qui
735 1988 854 2032 omnem
868 1974 907 2032 sb
921 1974 1092 2037 Alexandro
1106 1992 1244 2056 peragra-

147 2074 210 2127 tum
222 2074 329 2126 terram
344 2065 509 2145 descripsit.
552 2066 684 2125 Laiirtius
699 2058 729 2125 iu
744 2068 902 2131 Archelao.

189 2162 384 2223 Aristobathra
397 2161 569 2223 aristobuli
584 2161 793 2224 Cosmndreus.
834 2163 924 2225 Hunc
948 2165 979 2223 in
998 2162 1120 2225 historia
1142 2184 1198 2227 saa
1211 2186 1244 2229 se

146 2259 275 2321 maxime
294 2268 461 2320 secutumm
474 2260 626 2337 profitetur
640 2259 783 2319 Arrianus
796 2260 941 2341 principio
957 2260 1065 2339 operis,
1083 2262 1164 2341 quot
1177 2282 1246 2343 per-

146 2372 257 2444 petuus
272 2363 444 2425 Alexandro
468 2382 566 2424 comes
589 2363 694 2430 lueritr
716 2382 734 2423 a
758 2382 818 2444 quo
841 2374 872 2424 et
894 2363 1070 2424 destinatum
1084 2365 1245 2427 reficiendo

148 2461 222 2542 Gyri
232 2461 368 2541 sepulcro
378 2462 433 2522 sub
453 2461 541 2520 tinem
555 2459 687 2520 historia
702 2461 811 2540 prodit.
852 2461 995 2530 Quicum
1010 2461 1179 2524 Aristobulo
1189 2464 1244 2524 Ju-

146 2557 217 2619 'deeo
230 2577 323 2618 unum
337 2557 460 2632 iaciunt,
471 2575 567 2618 errare
580 2549 729 2618 videntur.
752 2557 1006 2620 Cassandreusem
1027 2557 1121 2617 citant
1134 2559 1246 2621 Athen.

148 2673 191 2716 11.
205 2658 236 2717 6.
261 2673 310 2713 vr.
326 2655 373 2714 13.
395 2653 518 2715 Lucian.
530 2654 561 2712 in
577 2651 750 2725 Macrobiis,
772 2652 876 2713 etalii.
917 2652 989 2732 Ejus
1000 2653 1175 2713 testimoniis
1188 2674 1245 2716 aaa·

146 2753 214 2834 pius
227 2761 349 2812 utuntur
363 2750 552 2823 Plutarchus,
565 2760 597 2811 ut
616 2751 647 2809 in
661 2749 819 2810 Demosth.
835 2767 901 2829 cap.
913 2751 962 2809 32.
977 2757 1007 2810 et
1020 2747 1138 2811 Strabo.
1179 2749 1245 2812 Hu-
1358 2771 1369 2786 ·

141 2849 205 2930 jus,
218 2857 253 2910 ut
265 2846 391 2921 videtur,
411 2847 529 2919 librum,
549 2845 580 2904 in
594 2865 654 2925 quo
669 2845 818 2926 singulare
831 2855 981 2908 certamen
995 2841 1159 2907 Alerandri
1177 2867 1246 2910 oum

144 2945 227 3006 Poro
240 2943 413 3017 tradiderat,
425 2943 540 3022 Regem
554 2941 585 3002 in
600 2941 773 3023 Hydaspem
786 2943 946 3023 projecisse
959 2943 1048 3003 refert
1071 2943 1191 3005 Luciam
1206 2943 1245 3005 de

145 3040 373 3102 Conseribenda
384 3039 514 3101 historia.
557 3037 633 3100 Vide
648 3038 790 3100 vossium
809 3039 847 3098 de
860 3038 939 3098 Hist.
955 3038 1055 3099 Graec.
1072 3057 1097 3097 1.
1115 3041 1162 3099 lo.
1178 3039 1244 3100 Soi-
1333 3071 1342 3082 ·

146 3149 204 3199 ter.
218 3137 249 3198 in
259 3137 364 3199 dedic.
377 3135 448 3198 belli
463 3133 639 3196 Pannonici.
749 3167 752 3170 >
773 3197 776 3207 ,

188 3235 395 3297 Aristonautai.
438 3230 671 3292 Commentarios
690 3217 780 3310 hujus
794 3231 867 3291 citat
880 3227 1061 3290 Plutarchus
1077 3229 1163 3291 Alex.
1177 3247 1243 3310 cap.

145 3335 178 3392 5.
198 3323 311 3402 Quian
322 3330 361 3390 ad
376 3327 576 3390 Alexandrum
590 3347 770 3407 magnopere
781 3327 985 3408 pertinuerint,
1009 3324 1141 3387 dubitari
1153 3324 1246 3407 possit

143 3427 334 3490 exAthenaei
348 3446 424 3489 xiv.
447 3427 476 3484 2.
500 3423 617 3484 videtur
640 3425 717 3484 enim
741 3425 778 3484 iis
802 3423 884 3484 libris
897 3422 1090 3484 miscellanea
1103 3423 1242 3503 quadarn

142 3523 312 3602 collegisse.
354 3521 514 3602 Scripsisse
534 3531 633 3581 autem
654 3531 684 3581 et
705 3520 850 3595 historias,
871 3532 901 3582 et
914 3520 1011 3582 omnis
1024 3519 1140 3599 generis
1153 3516 1244 3580 libros

143 3620 186 3682 ad
200 3623 271 3684 454.
294 3619 402 3681 Suidas
417 3627 557 3679 testatum
571 3617 700 3696 reliquit.

186 3715 314 3779 Arietate
328 3715 519 3778 Salaminius.
560 3711 642 3772 citat
654 3712 735 3772 hunc
748 3711 911 3773 Atheuteus
932 3731 966 3772 x.
984 3713 1031 3772 10.
1054 3711 1153 3771 Multo
1161 3709 1244 3788 juni·

142 3835 227 3877 orem
251 3814 342 3874 luisse
364 3811 543 3891 temporibus
567 3807 742 3882 Alexandri,
768 3809 875 3869 Strabo
897 3808 950 3868 lib.
974 3825 1114 3886 moos
1134 3800 1247 3866 docuit.

143 3910 305 3992 Scripsisse
320 3908 357 3969 de
368 3905 531 3969 Alexandri
544 3907 631 3966 rebus
645 3904 735 3984 gestia
750 3903 860 3964 scimus
875 3923 913 3963 ex
927 3903 1052 3962 Arriano
1068 3921 1131 3963 vn.
1147 3904 1177 3962 3.
1192 3903 1244 3962 22.

187 4007 341 4069 Arrianus
356 4001 596 4066 Nicomediam.
639 4001 737 4080 Hujus
753 3999 885 4059 Historia
897 4019 965 4059 cum
974 3999 1064 4059 etiam
1074 3997 1164 4060 bodie
1174 3999 1246 4058 satis

142 4102 286 4168 ostendat
300 4100 427 4162 auctoris
449 4099 494 4160 sui
515 4093 729 4178 praetantia'm,
750 4096 978 4170 obscurioribus,
999 4103 1050 4155 ant
1063 4095 1099 4158 iis
1119 4113 1244 4174 quornm

141 4220 235 4284 opera
249 4217 309 4259 non
325 4207 438 4272 extant,
454 4215 617 4258 sermonem
634 4195 734 4276 potius
748 4193 1016 4256 commodabimus.
