3000 4875
491 339 528 390 ιιι
556 343 592 404 Q·
614 343 746 392 cuorus
773 345 844 394 ern.
866 347 892 396 ι.
1150 340 1236 406 loos

982 426 997 456 0

145 489 239 550 ander
251 489 327 550 filius
341 509 378 550 aa
392 489 569 571 Olympiade
583 513 685 567 uxore,
709 515 788 557 vrrr.
810 493 884 558 ldori
896 499 1015 578 Aprilis,
1030 500 1103 562 dicit
1116 501 1234 566 Plutar-

145 587 238 646 chus:
260 587 297 646 ab
311 605 347 646 eo
361 598 459 648 autem
473 589 524 668 qui
538 589 620 650 illum
634 592 664 651 in
681 592 818 653 Latinum
831 596 986 668 convertit,
1006 597 1143 658 scribitur
1154 601 1234 661 circa

145 679 217 740 ldus
232 682 370 760 Augusti,
389 683 469 762 quod
485 703 556 745 sane
569 685 653 765 cujus
667 687 706 746 sit
720 707 809 759 error,
830 688 951 750 dubium
963 701 1020 751 est.
1061 692 1154 754 Porro
1166 694 1234 755 Phi·

143 777 250 857 lippus,
264 777 354 838 veluti
367 799 384 840 e
395 780 517 858 specula
529 781 669 861 quadam,
683 783 811 844 libertati
824 786 953 846 omnium
966 786 1136 860 insidiatos,
1147 789 1233 851 Grn-

143 891 245 934 corum
270 874 415 949 coluter,
440 896 509 955 qum
530 876 703 940 dominandi
723 879 845 940 libidine
858 879 984 960 singulm
996 883 1139 963 imperare
1150 889 1233 965 cogi-
1354 936 1360 944 .

143 979 288 1042 caveram,
307 989 409 1032 omnes
433 971 463 1031 in
486 993 570 1034 suam
589 974 705 1054 redegit
723 985 911 1054 potestatem.
952 978 1140 1041 Interioribus
1153 981 1232 1043 enirn

143 1075 248 1126 contra
260 1067 424 1147 superiores
445 1069 574 1130 suadens
594 1071 767 1142 certamina,
786 1073 922 1134 omnibus
935 1072 974 1134 ad
987 1074 1112 1137 invicem
1124 1077 1233 1138 callide

142 1161 283 1234 incitatis,
299 1183 316 1222 a
329 1163 475 1225 Thebanis
488 1165 576 1226 etiarn
591 1168 655 1246 (qui
668 1176 766 1228 tamen
775 1179 863 1230 antea
875 1187 942 1230 enm
957 1179 1099 1250 tanquam
1117 1170 1231 1234 bostem

141 1257 282 1337 repellere
308 1261 503 1338 conabantur)
524 1271 629 1323 conus
653 1262 896 1326 lacedemonios
918 1274 951 1326 et
972 1264 1153 1342 Phocenses,
1182 1272 1234 1348 qui

141 1353 251 1432 templo
261 1354 405 1434 Apollinis
413 1357 552 1436 spoliato,
562 1358 670 1420 milites
681 1361 895 1431 conduxerant,
905 1362 1082 1424 necessitate
1095 1376 1232 1445 urgente,

141 1447 203 1508 dux
220 1449 345 1526 electus,
370 1453 518 1533 oppressis
542 1453 705 1534 sacrilegis,
728 1473 927 1537 magnamque
948 1455 1019 1518 inde
1033 1459 1114 1539 apud
1128 1479 1230 1523 omnes

140 1547 277 1608 nationes
292 1547 415 1626 gloriam
429 1547 566 1629 adeptus,
586 1551 718 1612 omnium
740 1551 780 1612 ad
802 1552 937 1613 ultimum
957 1554 1231 1620 efliciturdotninus

139 1662 175 1702 ac
190 1643 339 1724 princeps,
353 1645 490 1706 strictos
505 1646 614 1725 pariter
627 1657 717 1726 atque
729 1648 857 1709 victores
871 1650 1040 1712 servitutem
1060 1650 1158 1714 subire
1180 1671 1231 1714 co·

139 1741 210 1820 igit.
254 1740 328 1800 lude
350 1741 379 1800 in
403 1741 622 1823 Cappadociam
646 1744 805 1823 trajiciens,
825 1746 920 1825 captis
935 1755 966 1808 et
978 1745 1086 1807 occisis
1100 1746 1230 1808 finitimis

138 1836 270 1916 tegibus,
279 1836 446 1897 nniversam
460 1838 639 1918 provinciam
653 1840 776 1918 imperio
786 1841 976 1902 Macedoniae
988 1841 1108 1921 adjecit.
1137 1844 1231 1924 Olyn-

137 1932 189 1994 tbo
211 1952 331 2014 quoque
352 1943 532 2013 expugnata,
544 1935 699 1996 Thraciam
712 1935 831 1996 invasit.
872 1937 950 1998 Nam
963 1955 1031 1998 cum
1044 1957 1112 1998 aum
1125 1939 1230 2000 iratres

137 2029 199 2091 duo
212 2029 347 2090 Thracia
362 2049 459 2110 reges,
473 2029 512 2091 de
522 2030 654 2091 terminis
667 2031 751 2110 regni
765 2030 961 2111 ambigentes,
981 2031 1229 2113 disceptationum

137 2145 257 2186 suarum
265 2125 396 2206 judicem
410 2126 563 2206 eligerent,
578 2125 731 2206 Philippos
745 2126 784 2187 ad
794 2127 949 2207 judicium,
960 2127 1042 2188 velut
1054 2127 1093 2187 ad
1107 2128 1228 2202 bellum,

135 2223 358 2303 inopinantibus
372 2222 520 2295 fratribus,
541 2223 686 2284 instructo
700 2223 830 2285 exercitu
842 2226 932 2297 senit,
949 2235 981 2285 et
993 2235 1150 2303 utrumque
1162 2243 1230 2304 reg·

136 2338 187 2391 no,
202 2318 242 2379 de
256 2337 315 2398 qno
329 2318 546 2399 disceptabant,
557 2319 704 2399 spoliarit.
737 2319 850 2382 Omnes
861 2340 934 2382 sane
947 2321 1095 2400 principes
1105 2320 1228 2391 docens,

136 2415 327 2477 concordiam
340 2413 499 2477 maximnm
513 2414 551 2476 ad
566 2415 772 2479 conservanda
789 2416 921 2498 imperia,
935 2428 1025 2497 atque
1045 2416 1227 2498 principatus

134 2512 341 2586 stabiliendos,
352 2510 561 2573 adminiculum
575 2532 654 2575 esse.
682 2513 853 2574 Alexander
866 2526 967 2574 nutem
975 2515 1072 2575 lactus
1082 2532 1228 2575 annorum

136 2608 305 2680 duodecim,
327 2610 414 2669 rebus
436 2608 550 2669 bellicis
571 2608 732 2671 admodum
753 2609 906 2681 delectari,
929 2620 961 2670 et
979 2609 1107 2670 excelsas
1120 2608 1228 2671 indolis

134 2704 376 2766 manifestissima
399 2705 529 2786 prolerre
549 2704 670 2778 indicia,
694 2706 794 2785 coepit.
845 2706 980 2785 Cumque
1001 2724 1040 2765 ex
1062 2704 1228 2784 equalibus

135 2801 271 2861 nonnulli
291 2822 328 2862 ex
351 2820 387 2862 eo
410 2812 682 2880 percunctarentur,
696 2801 735 2861 ad
749 2801 938 2881 Olympicum
952 2800 1086 2881 nunquid
1099 2801 1227 2863 stadium

133 2898 231 2959 libens
245 2896 418 2970 decertaret,
438 2896 608 2976 (plurimum
627 2899 706 2959 enim
724 2896 835 2977 pedum
847 2897 998 2959 celeritate
1010 2897 1166 2977 pollebat)
1179 2898 1227 2959 Li·

133 2996 209 3055 bens
224 2993 370 3074 equidem,
383 2994 491 3073 inquit,
504 2995 531 3053 si
546 2994 748 3055 decertaturos
759 3012 875 3055 mecum
888 3013 974 3073 reges
988 2994 1044 3054 sim
1064 2991 1228 3056 habiturus.

134 3091 214 3152 Olim
237 3110 304 3151 cum
324 3091 399 3151 sorte
419 3092 542 3151 absente
564 3090 703 3171 Philippo
726 3090 818 3170 legati
836 3108 856 3149 a
875 3090 1033 3151 Persarum
1046 3106 1116 3167 rege
1128 3090 1226 3149 venis-

134 3196 212 3260 sent,
233 3206 286 3248 eos
307 3206 374 3247 enm
395 3186 534 3266 bospitio,
555 3197 618 3247 tum
641 3186 858 3247 consuetudine
877 3194 994 3265 captos,
1009 3184 1227 3263 jucundissima

132 3284 189 3345 sibi
204 3283 402 3344 lamiliaritate
416 3282 590 3361 conjunxit:
612 3281 790 3343 admirantes
811 3281 894 3363 quod
915 3282 941 3342 is
963 3280 1037 3341 nibil
1050 3291 1103 3341 aut
1115 3280 1227 3343 humile

131 3390 185 3441 aut
199 3378 312 3461 puerile
325 3378 534 3451 sciscitaretur,
557 3378 610 3439 sed
632 3388 685 3439 aut
702 3379 816 3439 viarum
835 3377 1060 3458 longitudinem,
1073 3390 1126 3439 aut
1137 3398 1226 3459 supe-

130 3480 241 3539 riorum
265 3476 401 3537 itinerum
424 3474 531 3536 modos
551 3475 749 3555 perquirebat,
769 3475 864 3536 multa
883 3494 973 3556 super
989 3494 1071 3555 rege,
1083 3476 1181 3556 qualis
1194 3477 1226 3537 in

129 3574 236 3636 hostes
260 3583 351 3644 esset,
371 3590 451 3631 nunc
470 3590 558 3652 super
572 3571 684 3645 Persis,
697 3592 766 3653 quta
779 3573 867 3646 sires,
879 3583 933 3633 aut
945 3592 1014 3653 quse
1027 3584 1108 3633 esset
1120 3582 1226 3652 poten·

128 3672 183 3745 tia,
204 3670 365 3751 rogitabat.
405 3668 490 3738 Quas
514 3688 562 3729 res
586 3668 722 3729 admirati
744 3668 847 3748 legati,
866 3669 927 3729 late
943 3667 1082 3729 diffusam
1096 3667 1226 3749 Philippi

128 3768 307 3849 gravitatem
332 3764 404 3825 nibil
426 3784 488 3845 pret
510 3764 599 3845 lrujua
617 3764 700 3845 pueri
721 3764 833 3838 indole,
852 3772 884 3824 ct
905 3764 1016 3842 majore
1037 3782 1126 3842 quam
1149 3774 1224 3824 astas

127 3874 283 3947 pateretur
306 3861 395 3923 animi
417 3860 632 3940 magnitudine,
652 3860 811 3921 duxerunt.
851 3858 975 3927 Quoties
989 3878 1008 3919 a
1021 3858 1158 3941 Philippo
1171 3870 1225 3921 aut

127 3961 231 4022 nobile
254 3956 407 4039 quoddam
430 3966 551 4038 captum
569 3955 722 4038 oppidum,
743 3966 801 4039 aut,
817 3954 998 4015 memorabili
1017 3954 1120 4033 praelio
1138 3966 1225 4036 parta

127 4058 264 4129 victoria,
278 4054 478 4128 nuntiabatur,
492 4052 572 4115 haud
586 4072 763 4134 magnopere
775 4053 942 4123 letabatur,
955 4062 1085 4113 ceterum
1098 4051 1138 4112 ad
1151 4072 1222 4115 suos

128 4154 229 4217 aiebat
244 4151 386 4232 equales,
397 4150 518 4221 Omnia,
532 4170 551 4211 o
564 4150 657 4231 pueri,
666 4150 783 4231 genitor
796 4148 963 4230 occupabit,
973 4148 1016 4209 ita
1028 4158 1062 4209 ut
1074 4168 1113 4209 ne
1126 4150 1224 4213 robis·
