3000 4875
282 274 366 342 1570
593 287 679 336 criu.
704 285 897 334 uuuuorus
920 281 1047 334 sores.

284 459 337 500 uos
362 440 398 498 ab
420 455 455 496 eo
479 435 633 496 defecisse.
673 436 740 504 Qua
759 454 790 494 re
803 445 901 494 motus
915 433 1093 506 Alexander,
1106 434 1136 492 iu
1152 431 1360 494 Macedoniam

283 545 329 594 est
342 551 486 606 resersus,
499 543 533 591 ut
546 531 656 592 lactum
669 533 699 592 in
715 531 832 591 Graecis
846 531 1003 590 tumultum
1027 529 1205 610 reprimeret.
1246 530 1362 589 'l'beba-

283 631 329 690 nis
353 637 450 689 autem
469 627 643 688 conantibus
661 626 830 706 praesidium
843 625 1067 686 Macedonicum
1083 645 1120 684 ex
1134 643 1201 684 arce
1222 623 1366 684 'l'bebenu

283 731 384 805 (quam
400 723 562 784 Cadmeam
582 725 699 797 vocant)
719 722 875 801 depellere,
905 723 1055 800 ipsamque
1075 719 1207 800 praealtis
1225 720 1316 780 fossis
1336 732 1366 780 et

284 819 478 880 munitissimo
492 817 570 878 vallo
584 817 708 878 cinctem
724 817 940 888 obsidentibus,
953 835 1003 875 rex
1022 835 1089 874 curu
1104 818 1234 874 exercitu
1247 816 1364 893 msgms

284 917 436 977 itineribus
449 913 609 995 proiectus,
623 932 680 972 uon
693 913 783 990 longe
797 933 815 971 a
827 911 947 982 Thebis,
961 931 1028 971 cum
1043 911 1178 970 omnibus
1187 910 1284 988 copiis
1293 929 1364 970 coo·

286 1011 373 1074 sedit.
417 1011 519 1088 ltaque
546 1007 750 1068 Thebauomru
771 1007 874 1078 duces,
900 1007 1039 1085 quoniam
1065 1005 1231 1066 Alexander
1259 1017 1367 1084 proeter

286 1125 367 1186 spem
380 1105 509 1166 omnium
523 1102 692 1176 advenerat,
706 1123 741 1162 ac
756 1104 898 1163 incertum
912 1113 986 1174 erat,
997 1114 1094 1161 utrum
1109 1101 1225 1172 auxilia,
1235 1101 1326 1160 sicuti
1345 1120 1365 1161 a

285 1201 436 1262 nonnullis
460 1199 626 1260 civitatibus
647 1200 801 1277 petierant,
816 1197 873 1256 illis
886 1197 1048 1256 adventura
1058 1206 1169 1267 essent,
1183 1196 1220 1255 de
1232 1194 1303 1255 belli
1317 1215 1368 1255 re·

286 1297 365 1356 tiouc
389 1293 555 1354 consultore
583 1304 743 1372 coeperuut.
785 1292 930 1352 Omnibus
959 1291 1079 1351 tandem
1101 1291 1367 1363 consentientibus,

285 1390 356 1451 belli
369 1389 523 1450 discrimen
535 1389 632 1450 subire
645 1390 871 1450 constituerunt.
911 1387 971 1446 Sed
984 1407 1035 1448 rex
1050 1405 1120 1446 suos
1134 1387 1291 1457 conflauit,
1309 1385 1367 1446 illis

287 1486 414 1565 spatium
428 1483 785 1563 poeuitsndimutandiqus
799 1483 914 1544 consilii
927 1482 1078 1553 exbibens,
1092 1481 1175 1541 nullo
1187 1491 1278 1561 pacto
1287 1483 1367 1540 tutu-

287 1601 350 1641 rum
375 1579 557 1651 existimans,
577 1589 610 1639 ut
623 1599 683 1640 una
697 1579 802 1639 civitas
815 1595 917 1638 contra
932 1588 1030 1639 tantas
1043 1578 1145 1658 copias
1159 1586 1238 1636 esset
1253 1595 1368 1654 pugua-

288 1686 362 1736 tura.
404 1674 542 1734 Habebat
562 1674 640 1734 enirn
661 1674 737 1734 ultra
756 1692 843 1734 xxx.
856 1672 949 1734 millis
962 1673 1104 1752 peditum,
1118 1672 1309 1751 equitumque
1328 1670 1368 1731 ad

237 1784 240 1794 ·
289 1789 345 1832 irs.
359 1768 452 1830 millia
465 1787 568 1830 omnes
581 1768 730 1834 laboribus
745 1768 858 1830 bellicis
871 1766 1138 1830 exercitatissimos.
1167 1769 1299 1836 Quorum
1309 1767 1368 1826 rir-

287 1865 342 1942 tuti
355 1865 496 1936 conlisus,
506 1863 657 1926 Persicum
672 1865 782 1926 bellum
796 1875 977 1944 susceperat.
1016 1864 1095 1924 Sene
1107 1865 1133 1922 si
1145 1862 1277 1922 Tbebaui
1290 1871 1367 1920 tem-

288 1979 391 2041 porum
415 1960 540 2020 lortunoe
564 1959 715 2032 cedentes,
739 1977 842 2038 pacem
857 1958 1023 2038 petiissent,
1035 1978 1085 2018 rex
1096 1977 1198 2019 eorum
1211 1957 1368 2036 postulatis

288 2055 479 2116 libentissime
504 2055 676 2114 annuisset:
698 2073 767 2114 nam
789 2065 851 2115 tum
876 2054 997 2114 mirifico
1020 2054 1120 2114 studio
1144 2053 1184 2114 ed
1208 2052 1315 2113 Persas
1338 2054 1368 2111 in

289 2151 391 2210 Asiam
406 2149 527 2210 transire
541 2150 725 2228 properabat.
768 2150 844 2208 Cum
859 2159 958 2210 tamen
975 2151 1063 2210 umis
1087 2169 1145 2210 non
1167 2149 1302 2226 precibus
1324 2149 1370 2208 oti

289 2243 498 2314 decrevissent,
520 2244 687 2304 Alexander
715 2243 897 2304 Macedones
924 2245 963 2304 sd
990 2244 1124 2324 praelium
1151 2244 1299 2304 iustruxit.
1339 2243 1370 2300 A

288 2339 446 2410 Thebanis,
465 2348 568 2398 eontra
581 2337 682 2398 hostes
695 2357 817 2398 numero
830 2338 918 2418 longe
932 2340 1105 2419 superiores,
1120 2341 1244 2400 summis
1258 2324 1372 2400 viribus

288 2443 377 2514 atque
385 2433 505 2514 impigre
518 2433 698 2495 decertatum
712 2446 770 2495 est.
811 2435 928 2495 luserim
950 2433 1174 2507 Macedonibus,
1196 2435 1248 2515 qui
1269 2444 1373 2495 custo·

289 2529 347 2591 dire
362 2530 502 2591 Cadmeae
524 2532 599 2591 arcis
620 2540 774 2610 preerant,
797 2548 816 2589 a
838 2540 922 2609 tergo
942 2530 1159 2602 invadentibus,
1180 2531 1374 2591 circumventi

291 2626 433 2695 Tbebani,
448 2630 476 2685 in
491 2627 555 2704 ipsa
568 2644 670 2705 pugna
682 2624 862 2685 ceciderunt.
902 2625 998 2704 Capta
1008 2626 1112 2685 civiter
1124 2626 1289 2704 etdirepts,
1299 2628 1376 2685 urbs

289 2739 392 2779 eversa
412 2720 545 2780 funditus
568 2730 625 2779 est.
666 2720 734 2787 Qua
747 2718 865 2797 quidem
880 2720 911 2777 in
926 2740 956 2780 re
970 2740 1005 2779 ea
1018 2739 1098 2798 spes,
1111 2720 1200 2800 idque
1213 2721 1378 2784 consilium

290 2813 387 2873 extitit
400 2813 579 2885 Alexandro,
593 2824 627 2871 ut
639 2814 807 2891 hujusmodi
817 2832 890 2873 casu
904 2832 940 2874 ac
962 2824 1072 2875 terrore
1085 2817 1248 2895 compressi
1262 2818 1379 2889 Gneei,

289 2908 417 2987 quietius
430 2906 500 2969 dum
514 2909 633 2969 abesset
647 2918 787 2986 agerent:
802 2926 869 2968 cum
879 2908 987 2987 alioqui
998 2908 1201 2970 incusantibus
1211 2911 1380 2974 'l’bebeuos

289 3004 377 3065 sociis
402 3002 605 3065 Phocensibus
625 3022 660 3063 ao
683 3002 899 3075 Plateensibus,
918 3022 1027 3064 morem
1041 3024 1141 3085 gerere
1154 3006 1382 3086 gratificumque

290 3098 521 3180 concupisceret.
556 3098 660 3159 Plures
676 3117 728 3159 sex
738 3097 866 3157 millibus
879 3098 1037 3176 oppetiere,
1047 3100 1180 3179 Triginta
1195 3101 1289 3163 millia
1302 3123 1383 3163 reu·

289 3192 373 3264 didit,
388 3212 425 3253 ex
439 3195 547 3273 quibus
561 3194 840 3273 quadringentorum
854 3194 1051 3272 quadraginta
1063 3195 1241 3257 talentorum
1258 3201 1385 3277 argenti

289 3306 431 3346 summam
454 3289 577 3383 coligit.⁸
603 3288 723 3347 Pindari
745 3288 820 3347 votis
844 3298 943 3349 tamen
963 3290 1047 3368 stirpi
1068 3292 1208 3369 pepercit,
1224 3311 1386 3355 summum

288 3380 318 3437 in
338 3378 443 3439 doctos
467 3382 596 3441 favorem
620 3382 856 3442 manifestissimo
870 3384 1004 3464 exemplo
1019 3393 1153 3447 testatus.
1195 3387 1267 3447 Non
1288 3392 1387 3451 omit·

288 3473 410 3535 tendum
424 3474 546 3551 videtur,
560 3476 640 3554 quod
654 3477 703 3537 hic
714 3496 809 3537 rerum
821 3486 970 3555 gestarum
984 3479 1145 3542 Alexandri
1158 3482 1330 3562 scriptores
1345 3487 1389 3547 de

288 3567 436 3630 Timociea
457 3570 595 3631 referunt.
637 3572 733 3639 Quam
759 3572 904 3651 insignem
927 3574 1096 3635 Tbebanem
1109 3576 1262 3639 imminarn
1281 3582 1392 3643 Thra·

287 3668 352 3726 cius
364 3667 484 3749 quidam
494 3666 554 3729 dux
568 3678 779 3747 constupmssa
793 3668 909 3731 dicitur.
950 3670 1085 3749 Cumque
1095 3682 1164 3750 post
1175 3673 1208 3733 id
1221 3693 1295 3735 eam
1311 3696 1392 3758 pos·

287 3771 366 3823 ceret
380 3762 547 3841 pecuniam,
562 3762 643 3823 solus
655 3782 674 3823 a
685 3763 807 3823 muliere
817 3762 856 3823 ad
867 3774 989 3845 puteum
998 3767 1140 3829 seductus
1152 3767 1258 3842 fuisse,
1274 3772 1392 3853 inquo

288 3857 399 3917 diceret
410 3858 583 3938 pretiosiora
595 3879 691 3921 rerum
707 3878 826 3919 suerum
845 3859 996 3921 occultari.
1031 3862 1145 3921 Ducem
1166 3861 1260 3941 igitur
1291 3887 1395 3953 super

287 3969 322 4011 os
335 3953 427 4031 putei,
442 3953 596 4033 spectandi
610 3973 712 4029 causa,
726 3953 908 4026 inclinatum,
920 3956 974 4017 illa
990 3958 1019 4017 in
1038 3955 1216 4038 profundum
1231 3960 1394 4043 detrusit,

288 4064 473 4127 supernaque
485 4048 601 4127 injectis
615 4048 773 4129 lapidibus,
786 4051 941 4129 oppressit.
974 4053 1022 4113 Ob
1036 4052 1067 4113 id
1078 4052 1196 4114 facinus
1205 4054 1395 4127 adductam
