3000 4875
286 312 373 382 1682
587 322 816 379 osusuoona'
831 324 1070 381 soarrronnsr
1091 328 1096 335 ’

326 478 485 541 Hccstaess
499 478 694 543 Ennianus.
735 475 915 543 Recensetm
938 481 1014 543 iuter
1036 482 1181 544 Auctores
1204 482 1296 566 liujus
1316 484 1374 546 his·

283 573 366 641 toriae
380 595 398 639 n
412 574 598 639 Plutar'cho'
589 596 619 637 ru
634 574 722 641 Alex.⁸
732 596 762 642 c.
776 574 826 642 91.
866 578 946 648 Quin
969 590 1001 639 et
1013 564 1185 640 Abderitam
1199 580 1373 643 Hecataeum

282 670 440 735 verisimile
461 681 509 735 est
528 672 608 735 hsne
622 674 759 757 Spartam
773 692 907 748 ornasse,
927 694 994 737 cnm
1008 684 1040 735 et
1052 671 1204 736 bistonum
1217 678 1373 759 scripserit,
1480 671 1481 716 l

283 778 312 829 et
326 768 488 831 Alexandri
501 788 603 831 comes
616 770 714 844 inerit,
726 781 761 832 nt
774 770 882 851 legitur
896 770 974 852 apud
983 759 1148 851 losephum
1163 770 1217 835 hh.
1234 793 1260 834 r.
1274 775 1373 836 contra

284 864 460 947 Appionern.
487 864 574 929 Adde
584 866 724 929 Vossium
739 867 779 928 de
791 859 872 930 llisl.
887 859 1027 930 Groecrr.
1045 868 1093 928 10.

324 962 526 1045 Hagesander.
548 962 637 1035 Quod
656 962 706 1025 hic
727 958 828 1025 ¹multo
854 962 894 1024 ad
920 962 1123 1024 Alexandrum
1143 965 1325 1044 pertinentia
1341 967 1369 1026 iu

283 1058 509 1123 Commentariis
522 1060 670 1141 precipue
685 1060 747 1121 suis
761 1060 921 1142 scripserit,
944 1070 1028 1140 patet
1048 1080 1086 1121 ex
1109 1060 1146 1121 iis
1167 1080 1271 1123 eornm
1291 1063 1370 1137 locis,

280 1176 349 1237 quur
363 1157 474 1237 passim
486 1166 623 1219 recenset
634 1156 809 1221 Athenoeus.

325 1254 470 1339 negata
484 1254 625 1337 Mogses.
647 1252 744 1335 liujus
766 1254 931 1335 fragmenta
953 1272 991 1314 es
1014 1252 1155 1327 Historia,
1179 1263 1215 1316 nt
1233 1256 1368 1318 credibile

280 1364 337 1431 est,
345 1350 559 1427 Alexandrina,
566 1350 750 1435 reperiuntur
763 1350 844 1433 apud
858 1350 986 1432 Dionys.
1000 1349 1153 1411 Helicnrn.
1166 1350 1205 1413 de
1219 1352 1372 1415 Oretionis·

278 1445 436 1524 structura,
449 1461 482 1513 et
492 1444 743 1530 Agatharchidem
755 1447 787 1509 in
800 1449 944 1528 excerptis
958 1447 1038 1528 apud
1051 1446 1201 1522 Photium,
1215 1451 1366 1535 utrobique

278 1544 454 1629 producta'
445 1566 476 1607 m
498 1544 666 1627 exemplum
688 1538 774 1606 exilis
794 1553 826 1606 et
846 1543 1000 1626 languidos
1011 1542 1253 1624 compositionis}
1271 1546 1371 1608 s'edet

279 1642 407 1705 Cicero
397 1652 531 1722 ineptum
546 1660 614 1703 eum
626 1636 715 1705 vocat
726 1641 757 1701 in
773 1640 866 1703 bruto
879 1660 947 1724 cap.
961 1642 1012 1704 93.
1019 1638 1096 1703 etde
1103 1639 1228 1703 Oratore
1239 1644 1307 1723 erip.
1315 1642 1368 1703 61.

276 1738 413 1820 trigidum
426 1736 655 1799 exclamatorern
668 1736 750 1799 Plut.
763 1737 850 1800 Alex.
863 1756 930 1817 cap
943 1741 975 1799 4.
1083 1772 1090 1783 ‹

318 1834 467 1917 Πάφιος
479 1834 589 1897 cecinit
611 1853 658 1897 res
671 1833 834 1897 Alexandri
836 1852 949 1945 ,quem
957 1832 1038 1895 idern
1051 1832 1118 1895 llex
1137 1834 1166 1895 ln
1185 1854 1277 1896 cauea
1288 1836 1362 1897 mori

276 1933 386 2015 coegit.
395 1951 501 1995 ausum
512 1941 625 1995 tentare
637 1931 711 1993 tanti
721 1932 910 2012 regisopero,
922 1930 999 1992 vires
1013 1930 1078 2013 ejus
1089 1931 1270 2010 superantia:
1287 1932 1364 1993 ilaec

276 2030 426 2095 Metus.
437 2028 516 2091 Vide
530 2028 657 2110 Gyrald.
669 2028 707 2090 de
721 2028 806 2092 Po'e‘t.
820 2027 903 2089 Disl.
917 2046 974 2089 ιιι.
989 2036 1021 2088 et
1033 2026 1155 2089 Suidem
1168 2028 1198 2089 in
1210 2028 1351 2107 Χάριλα.

318 2128 493 2192 Heraclides
504 2128 613 2187 citatur
626 2126 665 2185 ab
673 2123 834 2186 Plutarcho
848 2124 878 2184 in
890 2123 978 2186 Alex.
992 2128 1124 2205 cap.‚45.
1138 2142 1226 2205 quem
1246 2123 1363 2185 credam

274 2226 366 2287 inisse
379 2221 623 2297 Alexandrinum,
636 2221 687 2302 qui
701 2220 818 2283 Latmo
835 2228 925 2293 teste,
938 2217 978 2281 de
998 2214 1246 2293 successionibus,
1260 2240 1363 2305 regum

275 2320 388 2384 seilicet
401 2338 518 2381 snorum
522 2318 670 2401 ,scripsit
685 2318 754 2379 Fuit
765 2326 797 2379 et
810 2318 886 2379 alins
898 2316 957 2378 hoc
970 2316 1089 2378 nomine
1099 2326 1191 2398 gente
1199 2316 1362 2390 Cumanus,

272 2418 383 2502 quires
397 2416 535 2480 Persicas
547 2414 703 2489 enarravit,
716 2424 748 2476 et
767 2416 806 2477 ab
827 2414 974 2476 Atheneo
985 2413 1104 2476 citatur.
1132 2414 1179 2474 lix
1191 2431 1252 2495 quo
1265 2420 1362 2476 nmen

272 2515 493 2600 deprehendere
506 2532 567 2576 non
579 2513 673 2594 potui,
685 2521 754 2594 post
767 2511 978 2587 Alexandrum,
992 2529 1031 2572 an
1045 2519 1115 2572 unte
1127 2531 1195 2572 enm
1209 2512 1324 2615 vixerit.

314 2613 509 2695 Homippss.
522 2610 600 2672 Vide
613 2607 693 2670 Plut.
706 2609 793 2670 Ales.
806 2629 835 2671 c.
848 2609 901 2670 95.

313 2707 515 2786 Hieronymus
539 2705 718 2767 Cardianus.
737 2702 817 2798 Vide
829 2703 921 2764 Voss.
941 2703 980 2764 de
1002 2701 1083 2765 llist.
1096 2701 1196 2766 Graec.
1218 2723 1244 2766 1.
1262 2704 1310 2765 1.1
1324 2723 1361 2766 sx
1480 2696 1481 2771 Ϊ

270 2800 395 2875 Suide,
387 2821 416 2862 m
430 2819 491 2880 quo
504 2799 686 2860 dubitabam.
1480 2804 1481 2817 ¹

312 2895 420 2958 Hister
419 2916 489 2978 ,qur
480 2895 575 2958 iorte
588 2895 686 2957 lrlrss
693 2895 890 2969 Volaterrani,
897 2894 1102 2956 diciturmults
1114 2895 1271 2977 scripsisse
1283 2897 1361 2979 spud

270 2992 403 3055 Snidsm.
436 2991 600 3055 Plutarcho
611 2992 754 3056 reiertur
746 3001 823 3052 mter
835 2991 999 3073 Scriptores
1010 2991 1098 3073 hujus
1110 2992 1267 3117 historiae
1258 3015 1289 3056 sn
1303 2995 1360 3056 rita

268 3090 354 3152 Alex.
368 3109 398 3152 c.
412 3091 463 3154 91.
1109 3119 1114 3130 ·
1173 3118 1179 3126 ·

308 3187 449 3249 Historia
462 3185 602 3249 Miscellu
617 3205 684 3246 xrr.
698 3186 747 3247 19.

305 3281 413 3345 Jasors.
432 3283 558 3344 Vossius
573 3283 612 3342 de
626 3281 706 3345 llist.
720 3281 820 3344 Grec.
835 3301 860 3342 ι.
875 3285 924 3344 lt).
937 3283 960 3345 i.

308 3377 478 3440 Idossssrrrs
491 3378 608 3440 ridetur
620 3378 697 3440 inter
711 3379 870 3459 scriptores
884 3379 1093 3440 Alexandrinas
1108 3367 1243 3442 historise
1256 3383 1328 3444 cieri
1338 3403 1358 3442 a

265 3473 427 3542 Plutarcho
439 3474 469 3534 in
484 3473 641 3538 Demosth.
656 3494 723 3556 cap.
736 3479 788 3536 32.

303 3572 437 3634 docum
458 3571 665 3633 Antiochenses
684 3571 845 3633 Historiam
866 3573 904 3632 ab
925 3573 1042 3633 Ademo
1061 3593 1157 3652 nsque
1177 3575 1356 3654 repetiit-in
1480 3576 1481 3601 ³

262 3687 323 3748 que
333 3679 364 3728 et
375 3667 577 3730 Alexandrum
591 3669 773 3741 memoravit,
786 3679 820 3728 nt
839 3677 922 3748 patet
934 3687 972 3728 ex
986 3669 1141 3748 Excerptis
1153 3670 1356 3744 Constantini,

261 3783 329 3844 quan
343 3775 412 3826 ante
425 3765 482 3826 hoc
495 3765 722 3846 quadriennium
736 3765 883 3825 Henrieus
896 3765 1032 3825 Valesius
1046 3765 1155 3845 publici
1165 3757 1338 3844 jnris't‘ecit.

300 3860 431 3924 amsa
446 3863 623 3924 Mnaso.
645 3862 724 3922 rrure
744 3860 870 3922 murrum
894 3861 997 3921 resurr
1021 3860 1133 3922 conns
1154 3861 1356 3942 aborigines,
1480 3826 1481 3869 ⁷

260 3975 387 4038 eumque
400 3977 532 4039 persospe
545 3959 661 4032 laudat,
675 3968 710 4019 ut
724 3978 779 4019 ιιι.
792 3960 823 4018 5.
838 3976 944 4018 xvrrr.
958 3961 1005 4019 18.
1026 3977 1119 4018 xxrr.
1133 3961 1185 4020 99.
1200 3978 1310 4019 xxrrr.
1323 3964 1355 4020 4.

261 4050 429 4136 Adjunqtus
442 4063 488 4114 est
498 4052 619 4114 editioni
629 4055 799 4129 Basileensi,
805 4075 872 4135 qnae
883 4053 991 4136 prodiit
998 4074 1078 4114 nono
1090 4057 1178 4118 1545.
1189 4056 1355 4136 interprete
1480 4098 1481 4107 ι

260 4143 377 4226 Angelb
390 4149 490 4228 Cospo
504 4151 696 4213 Bononiensi.
