3000 4875
452 341 454 344 ·
480 335 520 384 in
545 337 580 396 o.
603 335 733 386 cunrn
760 335 831 385 nra.
853 338 897 387 rr.
1147 322 1232 389 1667

305 661 729 806 cnnrsrornom
770 635 1058 746 nannonrs

402 871 744 996 FSUPPLEMENTUM
768 877 812 936 ΙΝ
833 877 909 938 LlB.
929 878 970 937 11.

142 1061 238 1120 Anno
260 1063 298 1122 ab
317 1041 396 1141 urbe'
415 1064 537 1126 condita
559 1083 740 1127 ccccxxvi.
763 1081 879 1129 monuo
900 1070 1049 1152 Philippo,
1062 1069 1231 1130 Alexander

140 1156 228 1227 lilius,
242 1160 292 1234 (ob
310 1161 544 1240 magnitudinem
557 1181 654 1223 rerum
667 1173 817 1242 gestarum
833 1167 964 1246 Magnos
978 1165 1172 1247 appellatus,)
1188 1167 1230 1226 ri·

142 1254 256 1332 gesimo
269 1257 365 1316 aetatis
381 1276 471 1331 anno,
484 1259 604 1339 plenum
619 1258 742 1338 invidia,
756 1271 787 1319 et
801 1263 982 1340 gravissimis
996 1262 1073 1323 odiis
1098 1281 1135 1323 ac
1155 1264 1231 1340 peri·

141 1351 216 1410 culis
231 1350 363 1430 undique
377 1355 617 1434 circumseptum,
633 1367 789 1416 assecutus
809 1367 856 1418 cst
871 1359 1032 1439 imperinm.
1074 1358 1139 1420 Nec
1152 1359 1231 1418 enim

141 1447 244 1508 vicinae
258 1450 447 1513 barbarorum
462 1452 621 1532 provinciae
636 1462 666 1512 et
676 1453 812 1512 nationes
826 1453 959 1516 modeste
970 1456 1141 1516 servitutem
1155 1456 1229 1516 fere·

141 1544 225 1616 bant,
238 1545 319 1606 avita
332 1565 401 1607 reso
413 1547 544 1608 dominia
557 1549 728 1627 patriosque
745 1549 927 1630 principatus
939 1551 1131 1612 affectabant.
1167 1551 1232 1610 Pri·

141 1659 189 1700 mo
201 1640 331 1702 omnium
345 1653 442 1704 autem
456 1654 603 1724 quotquot
615 1655 746 1724 paternae
759 1645 851 1706 cardis
873 1665 966 1708 cansa
989 1649 1116 1719 lucrant,
1137 1648 1231 1726 gravi·

140 1738 197 1796 bns
220 1736 318 1798 affecit
334 1739 440 1816 poenis.
482 1730 597 1800 Deinde
619 1741 779 1820 sepulture
802 1742 935 1822 ejusdem
950 1744 1231 1824 maximamimpen·

141 1831 185 1892 dit
197 1853 308 1896 curam.
349 1837 549 1916 Principalem
571 1856 641 1896 vero
656 1837 749 1898 multo
764 1839 969 1918 meliusqnam
979 1841 1137 1919 quisquam
1148 1841 1226 1899 exis-

141 1929 276 1992 timasset
300 1933 494 1994 confirmavit.
536 1933 554 1992 J
558 1933 661 1993 urceis
681 1933 771 2004 enim,
785 1944 875 2014 atque
889 1937 928 1994 ob
941 1946 1060 1995 aetatem
1073 1936 1172 1996 adhoc
1186 1948 1231 1996 te·

139 2045 252 2097 nerem,
267 2029 304 2088 ab
319 2029 465 2108 aliquibus
479 2030 641 2088 contemtui
657 2027 785 2099 habitor,
806 2029 915 2107 vulgus
937 2031 1033 2110 ipsum
1047 2031 1228 2091 humanissi-

140 2123 197 2182 mis
222 2123 405 2185 sermonibus
424 2125 467 2184 ita
479 2125 509 2184 in
524 2125 571 2185 sni
584 2125 818 2186 benevolentiam
832 2126 932 2198 traxit,
946 2136 981 2186 nt
993 2137 1024 2186 et
1038 2145 1121 2206 spem
1135 2127 1229 2185 maxi·

141 2238 220 2278 mam
235 2220 372 2280 omnibns
393 2222 516 2294 iaceret,
533 2232 563 2282 et
577 2232 687 2282 metum
702 2222 790 2281 simul
804 2233 894 2302 atque
908 2232 1089 2284 contemtum
1103 2223 1150 2283 sni
1163 2225 1230 2282 nni·

140 2316 235 2376 versis
250 2317 390 2379 demeret.
412 2317 628 2380 Macedonibus
643 2318 856 2378 immunitatem
868 2329 1040 2379 cunctorum
1051 2338 1146 2380 rerum
1155 2338 1230 2398 prm·

139 2423 185 2473 ter
207 2412 319 2473 militiae
338 2413 524 2477 vacationem
544 2412 638 2474 dedit.
680 2414 748 2483 Quo
769 2413 850 2475 lacto
863 2424 978 2477 tantum
992 2415 1049 2477 sibi
1061 2417 1232 2478 conciliarit

139 2510 282 2583 savorem,
296 2511 394 2571 otalii
407 2530 526 2591 corpus,
540 2530 600 2572 non
612 2512 761 2584 virtutem,
776 2510 827 2570 alii
838 2530 908 2572 raro
921 2530 1028 2572 nomen
1043 2513 1121 2593 regis
1135 2514 1230 2574 solnm

81 2636 88 2649 ·
139 2606 327 2667 immutatum
341 2626 407 2667 esse
422 2606 562 2667 dicerent.
597 2606 717 2667 Etcum
732 2606 815 2665 initio
826 2606 971 2667 tumultus
981 2606 1114 2686 undique
1126 2618 1231 2669 contra

137 2702 236 2781 ipsum
250 2704 344 2763 exorti
355 2713 467 2775 errent,
481 2702 617 2774 audacia,
632 2711 663 2761 et
675 2702 763 2761 animi
779 2702 949 2763 constantia
962 2702 1137 2776 incredibili,
1148 2704 1229 2763 citis-

139 2796 214 2857 sime
234 2808 333 2858 motus
352 2817 455 2859 omnes
469 2797 654 2878 compressit.
696 2796 852 2859 Proiectus
873 2798 984 2859 deinde
1003 2799 1179 2861 Corinthum
1199 2802 1229 2859 in

139 2892 391 2972 Peloponnesum,
416 2894 546 2974 generali
570 2892 662 2953 totins
683 2892 811 2954 Grmeiae
832 2894 969 2968 concillo,
994 2906 1098 2957 contre
1111 2894 1229 2967 Persas,

137 2994 279 3068 (quornm
301 3002 366 3051 erat
386 3010 423 3052 en
441 3001 572 3071 tempore
596 3009 743 3051 summum
766 2990 797 3048 in
823 2992 909 3051 terris
932 2992 1097 3073 imperium,
1120 2993 1230 3071 quique

139 3085 290 3147 Graeciam
304 3106 384 3167 soepe
398 3087 499 3148 multis
512 3085 646 3147 cladibus
662 3085 840 3161 afflixerant)
854 3088 1015 3166 Imperator
1029 3098 1076 3147 est
1089 3088 1229 3167 designa·

138 3192 201 3244 tna.
243 3182 397 3262 Siquidem
414 3197 499 3262 pater
515 3182 579 3261 ejus
593 3182 673 3242 idem
686 3182 797 3243 bellum
811 3182 1011 3256 inchoaverat,
1024 3193 1117 3243 morta
1131 3193 1229 3244 tamen

137 3288 322 3359 praeventas,
335 3297 540 3341 consummare
554 3278 636 3337 hand
650 3288 798 3357 potuerat.
840 3280 875 3338 ln
889 3278 978 3358 hujus
998 3279 1068 3339 belli
1085 3290 1229 3359 apparatu
1282 3285 1291 3297 ‘

138 3376 305 3448 mundatur,
319 3375 527 3447 Athenienses,
551 3373 719 3445 Thebanos,
742 3386 775 3434 et
792 3373 1047 3449 laoedmmonior,
1071 3378 1109 3435 ab
1133 3394 1169 3435 eo
1189 3374 1229 3435 ad

138 3469 252 3531 Persas
261 3469 414 3543 defecisse,
423 3470 702 3550 auctoremqueejns
712 3470 896 3543 delectionis,
906 3490 1015 3551 magno
1025 3474 1088 3533 auri
1099 3471 1230 3553 pondere

137 3585 157 3625 a
188 3565 289 3627 Persis
311 3577 490 3645 corruptum,
515 3566 747 3628 Demosthenem
771 3579 917 3628 oratorem
930 3568 1073 3629 extitisse.
1115 3569 1229 3637 Quibus

137 3662 273 3723 motibus
285 3680 473 3735 occursuros,
485 3672 569 3723 tanta
581 3662 732 3724 celeritate
750 3663 896 3724 instructo
919 3674 1082 3743 paratoque
1098 3663 1229 3723 exercito

138 3757 292 3818 Graeciam
310 3758 466 3840 oppressit,
487 3770 522 3819 nt
545 3776 633 3838 quem
655 3758 755 3819 venire
769 3777 829 3818 non
843 3769 1008 3831 senserant,
1021 3757 1121 3819 videre
1134 3777 1167 3819 aa
1181 3760 1229 3819 rix

136 3852 308 3915 crederent.
349 3854 384 3913 ln
408 3854 534 3915 transitu
558 3854 693 3914 hortatos
714 3852 887 3925 Thessalos,
911 3853 1117 3937 beneficiorum
1137 3854 1229 3935 patris

135 3950 423 4023 commonefaciens,
435 3959 664 4011 commemorata
683 3951 772 4010 etiam
786 3950 877 4010 veteri
890 3948 1079 4028 cognatione,
1092 3969 1160 4029 quse
1175 3951 1228 4010 sibi

137 4064 211 4105 cnm
225 4044 285 4104 illis
309 4063 362 4123 per
385 4045 543 4107 Herculem
562 4056 653 4117 esset,
678 4045 921 4124 sermonibusque
944 4042 1174 4118 humanissimis,
1196 4059 1230 4107 nt

138 4159 253 4220 inagna
264 4159 283 4200 a
294 4160 326 4202 se
343 4153 505 4222 sperarent,
520 4159 675 4222 penname
690 4139 816 4216 induxit,
830 4153 865 4202 nt
875 4140 1023 4203 communi
1036 4139 1127 4203 totius
1137 4142 1229 4203 Thes·
