3000 4875
476 323 516 372 ru
540 325 573 385 o.
595 323 724 375 cuarn
752 326 823 376 ura.
846 327 886 376 ιι.
1134 313 1221 382 1569

133 473 214 542 bam,
230 471 269 530 ad
285 469 452 533 Danubium
468 475 496 533 in
512 475 637 536 insulam
663 475 790 538 Peucarn
812 477 967 539 confestim
990 477 1080 552 misit,
1105 500 1165 560 quo
1187 493 1219 542 et

135 567 265 627 Thraces
279 567 416 628 Triballis
430 571 545 630 linitimi
560 591 592 630 se
608 585 786 651 receperant.
828 573 892 634 Nec
906 574 998 634 multo
1013 585 1092 655 post,
1105 587 1135 636 et
1154 580 1219 656 ipse

136 663 258 743 Syrmus
277 663 381 724 eodeni
394 664 478 744 iugit.
521 665 647 745 Reliqua
660 667 855 729 Triballorum
870 668 1029 730 multitudo
1043 670 1080 730 ad
1095 670 1219 732 alteram

135 758 263 820 insulam
287 778 320 818 se
334 762 509 832 contulerat,
523 781 560 822 eo
575 762 604 820 in
619 763 696 834 loco,
709 783 746 824 ex
759 784 819 843 quo
828 764 922 844 pridie
938 766 1104 826 Alexander
1116 785 1217 828 moreb

135 863 192 925 rat,
205 855 302 915 sitam.
320 855 490 916 Alexander
501 857 646 917 Triballos
661 869 808 938 repetens,
817 860 918 920 hostes
928 880 965 921 ex
973 861 1064 941 sylvis
1072 862 1102 920 in
1113 873 1216 941 aperta

134 960 310 1028 provocatos
332 963 462 1030 superat,
478 971 534 1012 ιιι.
557 952 685 1014 millibus
701 955 799 1026 caesis,
812 955 931 1034 reliquie
943 956 973 1014 in
987 956 1087 1035 lugam
1100 958 1218 1037 conjec-

135 1047 185 1117 tis,
209 1045 370 1125 paucisque
394 1047 501 1126 captis.
542 1047 615 1108 Post
633 1049 711 1108 hauc
734 1067 864 1128 pugnum
878 1050 1048 1111 Alexander
1062 1051 1101 1111 ad
1115 1053 1220 1113 Danu·

6 1207 7 1240 z
134 1141 215 1200 bium
234 1141 393 1219 proiectus,
405 1143 444 1202 ad
457 1143 595 1213 insulam,
609 1144 638 1203 in
653 1163 742 1222 quam
756 1145 878 1205 Triballi
889 1164 924 1205 ac
934 1145 1064 1206 Thraces
1075 1147 1219 1226 coniuge·

135 1247 211 1307 rant,
231 1237 401 1298 contendit:
429 1239 477 1298 cui
498 1250 597 1299 tamen
621 1239 736 1299 barbari
759 1259 875 1299 summa
897 1241 926 1300 vi
944 1242 1123 1314 restiterunt,
1137 1241 1220 1321 quod

134 1342 198 1392 erat
212 1332 247 1392 iis
262 1333 388 1406 facilius,
402 1335 540 1412 quoniam
555 1344 586 1394 et
598 1353 689 1395 naves
704 1352 809 1414 paucae
823 1346 918 1408 erant,
929 1346 960 1397 et
971 1337 1078 1397 insuite
1091 1338 1219 1397 maxime

133 1445 203 1506 para
218 1439 374 1507 praerupta
393 1448 428 1489 ac
449 1449 594 1511 praeceps,
615 1442 646 1491 et
663 1432 792 1492 fluminis
805 1451 921 1503 cursus,
934 1442 1037 1510 utpote
1047 1433 1077 1492 in
1091 1444 1220 1511 consto

132 1524 305 1593 conclusus,
319 1525 504 1586 concitatior.
546 1527 733 1607 Quapropter
746 1527 915 1587 Alexander
928 1527 1065 1588 abductis
1079 1527 1148 1588 inde
1162 1547 1219 1588 na·

132 1617 230 1689 ribus,
240 1619 368 1698 trajecto
382 1634 472 1681 noctu
483 1621 612 1694 flumine,
628 1640 762 1683 uccccc.
774 1624 932 1701 equitibus,
946 1621 1155 1703 peditibusque
1169 1642 1217 1684 nv.

133 1713 275 1784 millibus,
290 1714 384 1776 Getas
398 1721 534 1795 (quorum
548 1717 664 1778 circiter
679 1735 727 1778 rr.
746 1719 840 1777 millia
862 1719 1003 1798 equitum,
1024 1719 1216 1798 peditumque

134 1827 225 1889 supra
237 1829 271 1868 x.
286 1809 387 1883 millia,
396 1811 569 1892 probibendi
584 1813 693 1885 animo,
701 1814 730 1872 in
741 1813 867 1874 adversa
880 1815 943 1893 ripa
955 1825 1082 1877 armatos
1092 1814 1219 1890 viderat)

132 1905 228 1986 petiit.
271 1906 340 1974 Quo
358 1907 438 1967 iacto
452 1907 543 1968 territi
556 1906 653 1979 Getm,
667 1927 704 1966 ne
717 1909 843 1987 primum
857 1907 978 1986 quidem
995 1910 1136 1986 impetum
1150 1929 1216 1969 sus-

133 2002 257 2061 tinuere.
299 2001 360 2062 Res
374 2021 494 2080 prorsus
508 2003 636 2081 ingentis
651 2002 785 2063 audaciae
803 2003 840 2063 iis
853 2003 928 2075 viso,
942 2002 1142 2064 Alexandrum
1155 2015 1217 2063 tam

132 2096 220 2157 saciie
245 2095 334 2157 unica
355 2111 454 2170 nocte,
480 2099 658 2171 Danubium,
683 2098 814 2158 omnium
836 2098 962 2178 Europa
982 2098 1132 2158 fluminum
1155 2117 1220 2157 nm·

131 2193 297 2272 piissimum
312 2202 400 2271 atque
413 2193 599 2266 altissimum,
607 2194 689 2253 nullo
703 2205 795 2273 ponte
808 2194 927 2273 injecto,
941 2194 1096 2254 transisse.
1134 2194 1219 2254 Con·

131 2288 316 2368 fugientibus
330 2288 419 2367 igitur
431 2288 489 2350 illis
503 2289 533 2349 in
548 2290 694 2369 sylvarum
710 2289 885 2349 solitudines
899 2297 989 2368 atque
1002 2289 1141 2361 latebras,
1152 2289 1219 2348 Rex

131 2387 235 2447 urbem
248 2403 373 2445 vacuam
387 2395 497 2447 noetus·
510 2385 599 2465 cepit,
618 2384 740 2464 soloque
762 2384 901 2465 aequarit.
944 2384 1013 2445 Huc
1032 2384 1091 2445 loci
1113 2403 1219 2445 venere

131 2481 224 2560 legati
239 2498 257 2539 a
271 2480 376 2541 ceteris
391 2480 520 2541 Danubii
535 2480 656 2554 accolis,
671 2500 689 2541 a
702 2482 806 2561 Syrmo
820 2480 1014 2540 Triballorum
1027 2498 1107 2557 rege,
1128 2490 1219 2558 atque

133 2574 354 2646 Germanis,ad
378 2576 588 2649 Alexandrum,
611 2586 644 2635 ut
666 2594 735 2636 curo
758 2595 793 2636 eo
816 2575 951 2638 amicitiae
973 2573 1071 2633 ioedus
1099 2574 1216 2634 inirent.
1332 2605 1335 2611 ·

133 2671 251 2739 Quibus
264 2670 295 2729 in
309 2670 398 2731 iidem
409 2682 439 2731 et
453 2670 609 2731 amicitiam
618 2672 760 2749 acceptis,
770 2692 787 2731 e
796 2670 953 2730 Germanis
967 2668 1082 2748 quaesit
1095 2670 1115 2741 i,
1123 2668 1218 2737 Quid·

131 2786 201 2827 nam
226 2767 257 2825 in
281 2766 418 2825 humanis
439 2769 526 2825 rebus
549 2786 610 2845 prae
628 2767 733 2825 ceteris
747 2766 981 2840 extimescerent,
996 2774 1078 2824 ratus
1092 2764 1218 2824 nominis

133 2864 179 2924 sui
193 2861 427 2941 magnitudinem
440 2870 509 2921 ante
522 2861 619 2921 omnia
633 2860 705 2940 ipsis
720 2861 939 2921 formidolosam
951 2859 1053 2920 videri.
1094 2860 1141 2919 Illi
1160 2860 1217 2920 hoc

132 2978 166 3019 se
180 2958 312 3038 inprimis
327 2958 426 3019 timere
436 2958 660 3035 responderunt,
676 2976 712 3015 ne
727 2956 802 3015 iorte
817 2955 845 3013 in
856 2974 923 3015 sese
937 2953 1097 3034 aliquando
1111 2956 1217 3014 coelum

130 3066 241 3115 rueret.
283 3052 451 3113 Alexander
474 3050 547 3111 nihil
570 3061 665 3110 motus
691 3051 826 3130 responsi
849 3049 996 3128 soperbia,
1011 3048 1217 3127 tantumadje·

128 3152 190 3211 cit:
213 3149 379 3209 Germanos
402 3148 543 3226 superbos
568 3164 644 3217 csse,
667 3164 778 3224 eosque
802 3145 923 3204 domum
937 3142 1058 3204 remisit.
1100 3142 1172 3202 lnde
1186 3143 1217 3200 in

127 3246 284 3326 Agrianos
300 3253 330 3303 et
344 3243 470 3303 Paeonas
493 3244 548 3301 iter
570 3243 758 3321 persequenti
772 3240 937 3299 nuntiatum
950 3248 1007 3311 est,
1021 3238 1131 3297 Clitum
1146 3236 1217 3298 Bnr·

126 3342 214 3423 dylei
228 3342 268 3400 ab
282 3357 318 3400 eo
338 3338 495 3409 deiecisse,
518 3336 744 3414 Glauciamque,
760 3334 981 3403 Taulantiornm
1004 3352 1113 3413 regern,
1135 3354 1167 3393 se
1190 3332 1219 3394 ei

124 3436 337 3517 conjunxisse.
376 3434 468 3493 Erant
483 3442 513 3491 et
526 3430 576 3510 qui
591 3430 759 3490 nuntiarent
771 3429 844 3501 iore,
857 3442 891 3487 ut
903 3429 1065 3488 Autariatae
1076 3428 1173 3506 ipsum
1187 3428 1219 3486 in

122 3534 240 3596 itinere
255 3530 448 3590 adorirentur.
479 3525 607 3587 Proinde
621 3525 741 3604 negotio
754 3525 792 3585 de
806 3523 966 3584 Autariatis
981 3524 1094 3601 Lagaro
1112 3522 1217 3600 Agria-

121 3648 241 3691 norum
253 3625 316 3703 regi
327 3624 390 3702 (qui
402 3623 476 3703 patn'
489 3622 627 3701 Phiiippo
637 3619 797 3679 admodum
811 3639 909 3690 carus,
921 3618 1090 3678 Alexandro
1100 3634 1218 3695 quoquc

121 3740 279 3807 perquam
300 3718 450 3780 familiaris
464 3722 539 3792 erat)
552 3716 720 3787 commisso,
735 3715 854 3792 insuper
868 3715 954 3792 Cyna
963 3730 1075 3780 sorore,
1087 3711 1136 3769 ubi
1152 3710 1220 3770 Pel·

120 3824 196 3881 lam
220 3816 400 3887 revertisset,
425 3814 503 3874 ultro
520 3814 550 3872 ia
564 3830 684 3873 uxorem
699 3808 853 3889 promissa,
868 3809 932 3887 ipse
946 3807 985 3867 ad
998 3806 1108 3866 Clitum
1123 3806 1219 3865 Glau-

118 3918 275 3993 ciamque
296 3929 404 3991 magna
422 3908 572 3969 celeritate
587 3906 750 3977 contendit,
764 3922 873 3983 eosque
887 3902 968 3963 vario
981 3901 1082 3982 praelio
1093 3892 1161 3960 vicit
1174 3909 1220 3960 at-

117 4030 196 4093 que
210 4006 379 4088 prostravit.
420 4006 495 4066 Herc
508 4005 608 4083 agenti
621 4000 831 4081 superveniunt
842 3998 948 4070 nuntii,
959 3998 1067 4059 multoe
1081 3997 1111 4056 in
1132 3995 1219 4055 Grm-

113 4110 182 4171 cia
199 4123 248 4163 res
263 4120 355 4163 noras
369 4102 474 4176 moliri,
488 4101 680 4179 civitatesque
694 4116 754 4157 non
767 4114 889 4175 paucas,
902 4107 934 4155 et
955 4094 1086 4175 inprimis
1103 4092 1220 4151 Theba·

193 4215 318 4281 mnam
333 4214 467 4275 amem.
621 4210 652 4267 o.
667 4211 738 4261 can.
1098 4204 1156 4254 so
