3000 4875
424 360 612 411 hassorum
637 360 867 411 sanxerant
896 363 934 409 rr.
1137 349 1224 415 1635

126 516 238 577 marm
253 514 403 593 acceptari
410 522 506 575 essent
514 513 657 575 homines.
698 515 799 583 Quare
810 531 865 594 pro
876 512 942 573 istis
953 513 1082 587 vocibus,
1096 513 1220 589 ὅὈνη-

127 618 254 692 alrpnrsr
267 608 455 671 scribendum
468 610 534 684 erit,
548 608 570 671 d
582 612 769 691 Ὀνησίκριτε.

170 709 369 790 Orthagoras.
391 706 480 769 Hunc
490 728 557 769 cum
569 707 733 770 Onesicrito
742 708 899 788 navigasse
912 710 1049 789 conjicio,
1059 708 1221 771 exAEliaao

128 808 166 869 de
181 806 262 868 Hist.
273 804 400 869 Animal.
415 826 505 866 xvir.
515 806 545 865 6.
560 805 734 884 conscripsit
747 816 847 867 autem
859 806 948 867 libros
957 806 995 866 de
1004 808 1092 867 rebus
1103 804 1222 879 indicis,

127 923 203 984 qnos
216 903 295 964 idem
310 912 413 964 auctor
434 903 507 964 citat
529 904 560 962 in
584 902 662 963 Hist.
674 902 805 963 Animal.
822 922 896 965 xvr.
913 905 963 964 35.
978 912 1011 964 et
1023 902 1221 965 Philostratus

128 1003 158 1063 ia
174 1002 237 1062 vita
249 998 400 1081 Apollonii
413 999 464 1060 lib.
482 1016 537 1059 rrr.

171 1100 244 1159 orso
257 1098 472 1179 Piisissgrrsss's.

169 1196 328 1258 Patrocles
351 1195 432 1274 apud
453 1195 628 1256 Strabonem
650 1196 702 1257 lib.
719 1216 759 1257 11.
774 1197 826 1270 sit,
845 1216 910 1271 eos,
925 1198 977 1275 qui
990 1198 1161 1261 Alexandro
1174 1216 1225 1258 co·

127 1292 214 1353 mites
239 1290 438 1373 expeditionis
462 1292 592 1365 inerant,
619 1292 713 1353 obiter
737 1302 853 1353 tantum
880 1293 998 1374 singula
1021 1296 1223 1375 cognovisse:
1313 1310 1318 1317 ·

129 1387 329 1449 Alexandrum
355 1406 424 1449 sero
443 1389 540 1468 ipsum
561 1398 701 1450 accurate
720 1390 820 1449 omnia
832 1389 1002 1471 indagasse,
1015 1410 1084 1453 cum
1097 1392 1125 1453 ei
1145 1392 1223 1471 regi-

126 1504 219 1548 onam
245 1483 461 1565 descriptiones
485 1482 698 1565 aperitissimis
713 1483 916 1554 traderenturr
937 1486 981 1547 ita
998 1486 1077 1547 banc
1090 1486 1224 1566 descrip-

126 1584 238 1645 tionem
251 1582 308 1643 sibi
322 1582 589 1662 posteatemporis
611 1580 770 1643 exhibitam
794 1600 863 1643 essa
886 1582 961 1643 aita
982 1582 1115 1646 xenoctc
1139 1602 1223 1663 gaam

128 1681 281 1763 praelecto.

169 1776 400 1857 Ptantoepuo
414 1775 660 1838 cremensem.
675 1795 699 1835 1.
712 1776 856 1837 sooner.
870 1776 909 1835 oe
922 1763 1224 1839 maturarimus

126 1876 158 1936 in
182 1874 287 1935 Asiam
308 1874 452 1935 meminit.
494 1873 591 1941 Quem
620 1879 693 1951 pato
718 1871 812 1932 inisse
840 1871 1017 1951 discipulum
1045 1872 1223 1948 Aristotelis,

123 1971 212 2051 cujus
223 1969 333 2032 Suidas
348 1968 490 2031 meminit.

169 2068 338 2149 Philippus
353 2065 567 2129 Chalcidensis.

168 2164 338 2245 Philippus
364 2162 529 2242 Irasgelrrs.
570 2158 669 2238 Hujus
695 2169 726 2221 et
754 2162 912 2242 superioris
939 2164 1072 2226 meminit
1098 2164 1199 2227 Plut.
1191 2185 1224 2227 ra

127 2260 215 2323 Alex.
228 2277 295 2340 cap.
311 2262 360 2321 81.

168 2358 287 2420 Pisilcsr
302 2357 468 2422 Maus.
509 2354 690 2417 Plutarchus
704 2355 786 2417 dicto
800 2358 876 2420 loeo.

168 2455 376 2537 Phylarchus.
412 2455 502 2515 Hunc
515 2452 590 2513 inter
604 2451 659 2514 hos
681 2453 840 2534 scriptores
851 2473 912 2515 uon
926 2455 1103 2529 retulissem,
1116 2457 1174 2518 nisi
1191 2455 1223 2517 id

117 2554 187 2633 jam
215 2551 335 2615 lecisset
355 2550 502 2612 Raderus.
544 2548 626 2611 Nihil
651 2549 730 2610 enim
752 2551 858 2630 reperi,
881 2552 964 2630 quod
991 2571 1059 2613 enm
1085 2553 1116 2612 ia
1143 2552 1222 2613 banc

123 2650 255 2712 classem
277 2647 393 2710 admitti
412 2647 527 2727 jubeat.
583 2645 666 2706 Citat
689 2644 811 2724 quidem
834 2645 934 2707 locum
958 2666 996 2707 ex
1019 2648 1083 2727 ejus
1107 2647 1159 2708 lib.
1174 2668 1222 2709 vs.

123 2743 292 2808 mamus
309 2765 356 2805 vr.
373 2746 421 2806 13.
436 2741 488 2823 qui
502 2741 542 2804 ad
556 2742 642 2803 Alex.
656 2751 792 2821 spectate
810 2742 864 2803 sed
878 2751 991 2804 certum
1004 2756 1061 2814 est,
1073 2763 1142 2805 esse
1153 2763 1223 2805 eum

122 2844 232 2905 librum
245 2862 282 2904 ex
295 2842 343 2916 iis,
363 2860 437 2922 quos
452 2838 491 2900 de
506 2838 629 2919 Pyrrho,
643 2849 674 2899 et
686 2838 899 2918 posterioribus
912 2841 1031 2921 regibus
1045 2841 1223 2921 composuit.

165 2937 339 3001 Pindarus.
381 2936 479 3018 Hujus
502 2953 605 2997 versus
628 2935 659 2994 in
683 2935 887 2998 Alexandrum
913 2937 1115 3006 Macedonem*
1132 2940 1224 3000 refert

123 3036 291 3118 Dionysius
304 3036 335 3096 in
349 3033 517 3096 Rhetoricis
538 3053 607 3114 pag.
626 3033 695 3092 179.
738 3031 827 3093 Unde
850 3033 987 3094 Raderus
1008 3033 1135 3114 colligit,
1157 3052 1222 3097 essa

121 3152 195 3196 eum
220 3130 383 3194 Pindarum
405 3129 599 3210 posteriorem
620 3130 742 3204 ἀνέψιον
767 3134 911 3206 arpertpoc,
931 3129 1017 3208 cujus
1043 3128 1164 3208 quidem
1192 3139 1224 3190 et

121 3229 236 3292 Saldae
248 3226 392 3288 meminit.
434 3223 495 3284 Sed
509 3222 609 3303 potius
628 3221 802 3282 crediderim
824 3242 927 3282 versas
948 3224 1093 3302 Dionysio
1114 3225 1223 3287 citatos

121 3345 194 3388 esse
214 3324 338 3384 Pindari
358 3322 490 3394 senioris,
518 3319 644 3398 scriptos
668 3318 708 3380 ad
722 3318 927 3380 Alexandrum
940 3319 1148 3394 Macedonem,
1161 3341 1222 3384 non

120 3425 275 3504 Magnum
289 3429 437 3491 nostrum,
448 3415 503 3478 sed
516 3415 619 3491 alium,
633 3415 738 3494 Magni
753 3432 906 3494 proavum,
919 3426 951 3476 et
960 3427 1117 3497 propterea
1129 3420 1222 3480 nemi·

118 3539 195 3582 nem
209 3517 279 3578 hoie
298 3515 446 3596 Catelogo
459 3513 621 3574 Pindarum
645 3511 835 3574 inserendum
859 3511 967 3574 videri.
1010 3514 1223 3578 Facitmecum

120 3618 187 3679 Dio
201 3613 309 3694 Chrys.
324 3613 408 3674 Orat.
424 3631 463 3674 ιι.
477 3610 599 3673 'l'aetzes
612 3608 690 3670 Chii.
705 3609 741 3671 E.
758 3628 821 3668 νη.
838 3610 907 3670 139.

166 3711 370 3776 Plutarchus.

164 3809 349 3984 &griez
360 3901 540 3965 Larisam
581 3903 654 3981 Ejus
667 3901 773 3963 librum
786 3911 925 3963 octavum
939 3901 1134 3962 Historiarum
1149 3901 1224 3962 citat
1291 3936 1294 3943 ,

114 4003 292 4066 Athonem
303 4019 368 4060 xrs.
379 4000 409 4060 9.
431 3999 548 4062 citatur
555 4009 586 4060 et
599 3999 736 4061 Straboni
745 3998 928 4079 Polycletus,
939 4018 1026 4080 quern
1036 3998 1116 4060 hunc
1125 3999 1221 4078 ipsam

110 4119 194 4165 esse
208 4108 293 4178 puto,
307 4096 359 4158 lib.
374 4115 450 4159 xvr.

161 4195 359 4272 Polycritam.
400 4194 577 4258 Plutarchus
592 4193 762 4257 Alexandro
775 4211 841 4273 cap.
851 4191 901 4254 81.
1014 4213 1019 4229 ¹
